%YAML 1.1
%TAG !u! tag:unity3d.com,2011:
--- !u!29 &1
OcclusionCullingSettings:
  m_ObjectHideFlags: 0
  serializedVersion: 2
  m_OcclusionBakeSettings:
    smallestOccluder: 5
    smallestHole: 0.25
    backfaceThreshold: 100
  m_SceneGUID: 00000000000000000000000000000000
  m_OcclusionCullingData: {fileID: 0}
--- !u!104 &2
RenderSettings:
  m_ObjectHideFlags: 0
  serializedVersion: 9
  m_Fog: 0
  m_FogColor: {r: 0.5, g: 0.5, b: 0.5, a: 1}
  m_FogMode: 3
  m_FogDensity: 0.01
  m_LinearFogStart: 0
  m_LinearFogEnd: 300
  m_AmbientSkyColor: {r: 0.5188679, g: 0.5188679, b: 0.5188679, a: 1}
  m_AmbientEquatorColor: {r: 0.20754719, g: 0.20754719, b: 0.20754719, a: 1}
  m_AmbientGroundColor: {r: 0.3584906, g: 0.3584906, b: 0.3584906, a: 1}
  m_AmbientIntensity: 1
  m_AmbientMode: 0
  m_SubtractiveShadowColor: {r: 0.42, g: 0.478, b: 0.627, a: 1}
  m_SkyboxMaterial: {fileID: 2100000, guid: 3a408e788dcbed6429c8d22a01b32a76, type: 2}
  m_HaloStrength: 0.5
  m_FlareStrength: 1
  m_FlareFadeSpeed: 3
  m_HaloTexture: {fileID: 0}
  m_SpotCookie: {fileID: 10001, guid: 0000000000000000e000000000000000, type: 0}
  m_DefaultReflectionMode: 0
  m_DefaultReflectionResolution: 128
  m_ReflectionBounces: 1
  m_ReflectionIntensity: 1
  m_CustomReflection: {fileID: 0}
  m_Sun: {fileID: 705507994}
  m_IndirectSpecularColor: {r: 0, g: 0, b: 0, a: 1}
  m_UseRadianceAmbientProbe: 0
--- !u!157 &3
LightmapSettings:
  m_ObjectHideFlags: 0
  serializedVersion: 12
  m_GIWorkflowMode: 0
  m_GISettings:
    serializedVersion: 2
    m_BounceScale: 1
    m_IndirectOutputScale: 1
    m_AlbedoBoost: 1
    m_EnvironmentLightingMode: 0
    m_EnableBakedLightmaps: 1
    m_EnableRealtimeLightmaps: 0
  m_LightmapEditorSettings:
    serializedVersion: 12
    m_Resolution: 2
    m_BakeResolution: 40
    m_AtlasSize: 1024
    m_AO: 0
    m_AOMaxDistance: 1
    m_CompAOExponent: 1
    m_CompAOExponentDirect: 0
    m_ExtractAmbientOcclusion: 0
    m_Padding: 2
    m_LightmapParameters: {fileID: 0}
    m_LightmapsBakeMode: 1
    m_TextureCompression: 1
    m_FinalGather: 0
    m_FinalGatherFiltering: 1
    m_FinalGatherRayCount: 256
    m_ReflectionCompression: 2
    m_MixedBakeMode: 2
    m_BakeBackend: 1
    m_PVRSampling: 1
    m_PVRDirectSampleCount: 32
    m_PVRSampleCount: 500
    m_PVRBounces: 2
    m_PVREnvironmentSampleCount: 500
    m_PVREnvironmentReferencePointCount: 2048
    m_PVRFilteringMode: 2
    m_PVRDenoiserTypeDirect: 0
    m_PVRDenoiserTypeIndirect: 0
    m_PVRDenoiserTypeAO: 0
    m_PVRFilterTypeDirect: 0
    m_PVRFilterTypeIndirect: 0
    m_PVRFilterTypeAO: 0
    m_PVREnvironmentMIS: 0
    m_PVRCulling: 1
    m_PVRFilteringGaussRadiusDirect: 1
    m_PVRFilteringGaussRadiusIndirect: 5
    m_PVRFilteringGaussRadiusAO: 2
    m_PVRFilteringAtrousPositionSigmaDirect: 0.5
    m_PVRFilteringAtrousPositionSigmaIndirect: 2
    m_PVRFilteringAtrousPositionSigmaAO: 1
    m_ExportTrainingData: 0
    m_TrainingDataDestination: TrainingData
    m_LightProbeSampleCountMultiplier: 4
  m_LightingDataAsset: {fileID: 112000000, guid: 8bea1fe28e0878449ae2f387e86feb57,
    type: 2}
  m_LightingSettings: {fileID: 251446575}
--- !u!196 &4
NavMeshSettings:
  serializedVersion: 2
  m_ObjectHideFlags: 0
  m_BuildSettings:
    serializedVersion: 2
    agentTypeID: 0
    agentRadius: 0.5
    agentHeight: 2
    agentSlope: 45
    agentClimb: 0.4
    ledgeDropHeight: 0
    maxJumpAcrossDistance: 0
    minRegionArea: 2
    manualCellSize: 0
    cellSize: 0.16666667
    manualTileSize: 0
    tileSize: 256
    accuratePlacement: 0
    maxJobWorkers: 0
    preserveTilesOutsideBounds: 0
    debug:
      m_Flags: 0
  m_NavMeshData: {fileID: 0}
--- !u!850595691 &251446575
LightingSettings:
  m_ObjectHideFlags: 0
  m_CorrespondingSourceObject: {fileID: 0}
  m_PrefabInstance: {fileID: 0}
  m_PrefabAsset: {fileID: 0}
  m_Name: Settings.lighting
  serializedVersion: 3
  m_GIWorkflowMode: 0
  m_EnableBakedLightmaps: 1
  m_EnableRealtimeLightmaps: 0
  m_RealtimeEnvironmentLighting: 1
  m_BounceScale: 1
  m_AlbedoBoost: 1
  m_IndirectOutputScale: 1
  m_UsingShadowmask: 1
  m_BakeBackend: 1
  m_LightmapMaxSize: 1024
  m_BakeResolution: 40
  m_Padding: 2
  m_TextureCompression: 1
  m_AO: 0
  m_AOMaxDistance: 1
  m_CompAOExponent: 1
  m_CompAOExponentDirect: 0
  m_ExtractAO: 0
  m_MixedBakeMode: 2
  m_LightmapsBakeMode: 1
  m_FilterMode: 1
  m_LightmapParameters: {fileID: 15204, guid: 0000000000000000f000000000000000, type: 0}
  m_ExportTrainingData: 0
  m_TrainingDataDestination: TrainingData
  m_RealtimeResolution: 2
  m_ForceWhiteAlbedo: 0
  m_ForceUpdates: 0
  m_FinalGather: 0
  m_FinalGatherRayCount: 256
  m_FinalGatherFiltering: 1
  m_PVRCulling: 1
  m_PVRSampling: 1
  m_PVRDirectSampleCount: 32
  m_PVRSampleCount: 500
  m_PVREnvironmentSampleCount: 500
  m_PVREnvironmentReferencePointCount: 2048
  m_LightProbeSampleCountMultiplier: 4
  m_PVRBounces: 2
  m_PVRMinBounces: 2
  m_PVREnvironmentMIS: 0
  m_PVRFilteringMode: 2
  m_PVRDenoiserTypeDirect: 0
  m_PVRDenoiserTypeIndirect: 0
  m_PVRDenoiserTypeAO: 0
  m_PVRFilterTypeDirect: 0
  m_PVRFilterTypeIndirect: 0
  m_PVRFilterTypeAO: 0
  m_PVRFilteringGaussRadiusDirect: 1
  m_PVRFilteringGaussRadiusIndirect: 5
  m_PVRFilteringGaussRadiusAO: 2
  m_PVRFilteringAtrousPositionSigmaDirect: 0.5
  m_PVRFilteringAtrousPositionSigmaIndirect: 2
  m_PVRFilteringAtrousPositionSigmaAO: 1
--- !u!1 &286395721 stripped
GameObject:
  m_CorrespondingSourceObject: {fileID: 1420838889492912928, guid: 6cef3a5a0e440154ea2b0eb7aab6c576,
    type: 3}
  m_PrefabInstance: {fileID: 1622194422}
  m_PrefabAsset: {fileID: 0}
--- !u!114 &286395722
MonoBehaviour:
  m_ObjectHideFlags: 0
  m_CorrespondingSourceObject: {fileID: 0}
  m_PrefabInstance: {fileID: 0}
  m_PrefabAsset: {fileID: 0}
  m_GameObject: {fileID: 286395721}
  m_Enabled: 1
  m_EditorHideFlags: 0
  m_Script: {fileID: 11500000, guid: f6c0be61502bb534f922ebb746851216, type: 3}
  m_Name: 
  m_EditorClassIdentifier: 
--- !u!114 &286395723
MonoBehaviour:
  m_ObjectHideFlags: 0
  m_CorrespondingSourceObject: {fileID: 0}
  m_PrefabInstance: {fileID: 0}
  m_PrefabAsset: {fileID: 0}
  m_GameObject: {fileID: 286395721}
  m_Enabled: 1
  m_EditorHideFlags: 0
  m_Script: {fileID: 11500000, guid: e96cb6065543e43c4a752faaa1468eb1, type: 3}
  m_Name: 
  m_EditorClassIdentifier: 
  SyncPositionX: 1
  SyncPositionY: 1
  SyncPositionZ: 1
  SyncRotAngleX: 1
  SyncRotAngleY: 1
  SyncRotAngleZ: 1
  SyncScaleX: 1
  SyncScaleY: 1
  SyncScaleZ: 1
  PositionThreshold: 0.001
  RotAngleThreshold: 0.01
  ScaleThreshold: 0.01
  InLocalSpace: 0
  Interpolate: 1
  CanCommitToTransform: 0
--- !u!114 &286395724
MonoBehaviour:
  m_ObjectHideFlags: 0
  m_CorrespondingSourceObject: {fileID: 0}
  m_PrefabInstance: {fileID: 0}
  m_PrefabAsset: {fileID: 0}
  m_GameObject: {fileID: 286395721}
  m_Enabled: 1
  m_EditorHideFlags: 0
  m_Script: {fileID: 11500000, guid: d5a57f767e5e46a458fc5d3c628d0cbb, type: 3}
  m_Name: 
  m_EditorClassIdentifier: 
  GlobalObjectIdHash: 3512510892
  AlwaysReplicateAsRoot: 0
  DontDestroyWithOwner: 0
  AutoObjectParentSync: 1
--- !u!1 &599916901
GameObject:
  m_ObjectHideFlags: 0
  m_CorrespondingSourceObject: {fileID: 0}
  m_PrefabInstance: {fileID: 0}
  m_PrefabAsset: {fileID: 0}
  serializedVersion: 6
  m_Component:
  - component: {fileID: 599916905}
  - component: {fileID: 599916904}
  - component: {fileID: 599916903}
  - component: {fileID: 599916902}
  m_Layer: 0
  m_Name: Plane
  m_TagString: Untagged
  m_Icon: {fileID: 0}
  m_NavMeshLayer: 0
  m_StaticEditorFlags: 0
  m_IsActive: 1
--- !u!64 &599916902
MeshCollider:
  m_ObjectHideFlags: 0
  m_CorrespondingSourceObject: {fileID: 0}
  m_PrefabInstance: {fileID: 0}
  m_PrefabAsset: {fileID: 0}
  m_GameObject: {fileID: 599916901}
  m_Material: {fileID: 0}
  m_IsTrigger: 0
  m_Enabled: 1
  serializedVersion: 4
  m_Convex: 0
  m_CookingOptions: 30
  m_Mesh: {fileID: 10209, guid: 0000000000000000e000000000000000, type: 0}
--- !u!23 &599916903
MeshRenderer:
  m_ObjectHideFlags: 0
  m_CorrespondingSourceObject: {fileID: 0}
  m_PrefabInstance: {fileID: 0}
  m_PrefabAsset: {fileID: 0}
  m_GameObject: {fileID: 599916901}
  m_Enabled: 1
  m_CastShadows: 1
  m_ReceiveShadows: 1
  m_DynamicOccludee: 1
  m_MotionVectors: 1
  m_LightProbeUsage: 1
  m_ReflectionProbeUsage: 1
  m_RayTracingMode: 2
  m_RayTraceProcedural: 0
  m_RenderingLayerMask: 1
  m_RendererPriority: 0
  m_Materials:
  - {fileID: 10302, guid: 0000000000000000f000000000000000, type: 0}
  m_StaticBatchInfo:
    firstSubMesh: 0
    subMeshCount: 0
  m_StaticBatchRoot: {fileID: 0}
  m_ProbeAnchor: {fileID: 0}
  m_LightProbeVolumeOverride: {fileID: 0}
  m_ScaleInLightmap: 1
  m_ReceiveGI: 1
  m_PreserveUVs: 0
  m_IgnoreNormalsForChartDetection: 0
  m_ImportantGI: 0
  m_StitchLightmapSeams: 1
  m_SelectedEditorRenderState: 3
  m_MinimumChartSize: 4
  m_AutoUVMaxDistance: 0.5
  m_AutoUVMaxAngle: 89
  m_LightmapParameters: {fileID: 0}
  m_SortingLayerID: 0
  m_SortingLayer: 0
  m_SortingOrder: 0
  m_AdditionalVertexStreams: {fileID: 0}
--- !u!33 &599916904
MeshFilter:
  m_ObjectHideFlags: 0
  m_CorrespondingSourceObject: {fileID: 0}
  m_PrefabInstance: {fileID: 0}
  m_PrefabAsset: {fileID: 0}
  m_GameObject: {fileID: 599916901}
  m_Mesh: {fileID: 10209, guid: 0000000000000000e000000000000000, type: 0}
--- !u!4 &599916905
Transform:
  m_ObjectHideFlags: 0
  m_CorrespondingSourceObject: {fileID: 0}
  m_PrefabInstance: {fileID: 0}
  m_PrefabAsset: {fileID: 0}
  m_GameObject: {fileID: 599916901}
  m_LocalRotation: {x: 0, y: 0, z: 0, w: 1}
  m_LocalPosition: {x: 0, y: 0, z: 0}
  m_LocalScale: {x: 10, y: 10, z: 10}
  m_Children: []
  m_Father: {fileID: 0}
  m_RootOrder: 5
  m_LocalEulerAnglesHint: {x: 0, y: 0, z: 0}
--- !u!1 &704638822
GameObject:
  m_ObjectHideFlags: 0
  m_CorrespondingSourceObject: {fileID: 0}
  m_PrefabInstance: {fileID: 0}
  m_PrefabAsset: {fileID: 0}
  serializedVersion: 6
  m_Component:
  - component: {fileID: 704638823}
  m_Layer: 0
  m_Name: Table
  m_TagString: Untagged
  m_Icon: {fileID: 0}
  m_NavMeshLayer: 0
  m_StaticEditorFlags: 0
  m_IsActive: 1
--- !u!4 &704638823
Transform:
  m_ObjectHideFlags: 0
  m_CorrespondingSourceObject: {fileID: 0}
  m_PrefabInstance: {fileID: 0}
  m_PrefabAsset: {fileID: 0}
  m_GameObject: {fileID: 704638822}
  m_LocalRotation: {x: 0, y: 0, z: 0, w: 1}
  m_LocalPosition: {x: 0.26781523, y: 1.835687, z: -0.932}
  m_LocalScale: {x: 1, y: 1, z: 1}
  m_Children:
  - {fileID: 3053522007687434093}
  - {fileID: 933015423}
  m_Father: {fileID: 0}
  m_RootOrder: 4
  m_LocalEulerAnglesHint: {x: 0, y: 0, z: 0}
--- !u!1 &705507993
GameObject:
  m_ObjectHideFlags: 0
  m_CorrespondingSourceObject: {fileID: 0}
  m_PrefabInstance: {fileID: 0}
  m_PrefabAsset: {fileID: 0}
  serializedVersion: 6
  m_Component:
  - component: {fileID: 705507995}
  - component: {fileID: 705507994}
  m_Layer: 0
  m_Name: Directional Light
  m_TagString: Untagged
  m_Icon: {fileID: 0}
  m_NavMeshLayer: 0
  m_StaticEditorFlags: 0
  m_IsActive: 1
--- !u!108 &705507994
Light:
  m_ObjectHideFlags: 0
  m_CorrespondingSourceObject: {fileID: 0}
  m_PrefabInstance: {fileID: 0}
  m_PrefabAsset: {fileID: 0}
  m_GameObject: {fileID: 705507993}
  m_Enabled: 1
  serializedVersion: 10
  m_Type: 1
  m_Shape: 0
  m_Color: {r: 1, g: 1, b: 1, a: 1}
  m_Intensity: 1
  m_Range: 10
  m_SpotAngle: 30
  m_InnerSpotAngle: 21.802082
  m_CookieSize: 10
  m_Shadows:
    m_Type: 2
    m_Resolution: -1
    m_CustomResolution: -1
    m_Strength: 1
    m_Bias: 0.05
    m_NormalBias: 0.4
    m_NearPlane: 0.2
    m_CullingMatrixOverride:
      e00: 1
      e01: 0
      e02: 0
      e03: 0
      e10: 0
      e11: 1
      e12: 0
      e13: 0
      e20: 0
      e21: 0
      e22: 1
      e23: 0
      e30: 0
      e31: 0
      e32: 0
      e33: 1
    m_UseCullingMatrixOverride: 0
  m_Cookie: {fileID: 0}
  m_DrawHalo: 0
  m_Flare: {fileID: 0}
  m_RenderMode: 0
  m_CullingMask:
    serializedVersion: 2
    m_Bits: 4294967295
  m_RenderingLayerMask: 1
  m_Lightmapping: 1
  m_LightShadowCasterMode: 0
  m_AreaSize: {x: 1, y: 1}
  m_BounceIntensity: 1
  m_ColorTemperature: 6570
  m_UseColorTemperature: 0
  m_BoundingSphereOverride: {x: 0, y: 0, z: 0, w: 0}
  m_UseBoundingSphereOverride: 0
  m_UseViewFrustumForShadowCasterCull: 1
  m_ShadowRadius: 0
  m_ShadowAngle: 0
--- !u!4 &705507995
Transform:
  m_ObjectHideFlags: 0
  m_CorrespondingSourceObject: {fileID: 0}
  m_PrefabInstance: {fileID: 0}
  m_PrefabAsset: {fileID: 0}
  m_GameObject: {fileID: 705507993}
  m_LocalRotation: {x: 0.40821788, y: -0.23456968, z: 0.10938163, w: 0.8754261}
  m_LocalPosition: {x: 0, y: 3, z: 0}
  m_LocalScale: {x: 1, y: 1, z: 1}
  m_Children: []
  m_Father: {fileID: 0}
  m_RootOrder: 0
  m_LocalEulerAnglesHint: {x: 50, y: -30, z: 0}
--- !u!1 &900002210
GameObject:
  m_ObjectHideFlags: 0
  m_CorrespondingSourceObject: {fileID: 0}
  m_PrefabInstance: {fileID: 0}
  m_PrefabAsset: {fileID: 0}
  serializedVersion: 6
  m_Component:
  - component: {fileID: 900002211}
  - component: {fileID: 900002214}
  - component: {fileID: 900002213}
  - component: {fileID: 900002212}
  m_Layer: 0
  m_Name: VideoPlane
  m_TagString: Untagged
  m_Icon: {fileID: 0}
  m_NavMeshLayer: 0
  m_StaticEditorFlags: 0
  m_IsActive: 1
--- !u!4 &900002211
Transform:
  m_ObjectHideFlags: 0
  m_CorrespondingSourceObject: {fileID: 0}
  m_PrefabInstance: {fileID: 0}
  m_PrefabAsset: {fileID: 0}
  m_GameObject: {fileID: 900002210}
  m_LocalRotation: {x: 0, y: 0, z: 0, w: 1}
  m_LocalPosition: {x: -0, y: 23.8, z: 5.8}
  m_LocalScale: {x: 44.55, y: 25, z: 0.001}
  m_Children:
  - {fileID: 1360767068}
  m_Father: {fileID: 3053522007687434093}
  m_RootOrder: 0
  m_LocalEulerAnglesHint: {x: 0, y: 0, z: 0}
--- !u!65 &900002212
BoxCollider:
  m_ObjectHideFlags: 0
  m_CorrespondingSourceObject: {fileID: 0}
  m_PrefabInstance: {fileID: 0}
  m_PrefabAsset: {fileID: 0}
  m_GameObject: {fileID: 900002210}
  m_Material: {fileID: 0}
  m_IsTrigger: 0
  m_Enabled: 1
  serializedVersion: 2
  m_Size: {x: 1, y: 1, z: 1}
  m_Center: {x: 0, y: 0, z: 0}
--- !u!23 &900002213
MeshRenderer:
  m_ObjectHideFlags: 0
  m_CorrespondingSourceObject: {fileID: 0}
  m_PrefabInstance: {fileID: 0}
  m_PrefabAsset: {fileID: 0}
  m_GameObject: {fileID: 900002210}
  m_Enabled: 1
  m_CastShadows: 1
  m_ReceiveShadows: 1
  m_DynamicOccludee: 1
  m_MotionVectors: 1
  m_LightProbeUsage: 1
  m_ReflectionProbeUsage: 1
  m_RayTracingMode: 2
  m_RayTraceProcedural: 0
  m_RenderingLayerMask: 1
  m_RendererPriority: 0
  m_Materials:
  - {fileID: 2100000, guid: e27c2b2b8aa631945a10e671ec48a8db, type: 2}
  m_StaticBatchInfo:
    firstSubMesh: 0
    subMeshCount: 0
  m_StaticBatchRoot: {fileID: 0}
  m_ProbeAnchor: {fileID: 0}
  m_LightProbeVolumeOverride: {fileID: 0}
  m_ScaleInLightmap: 1
  m_ReceiveGI: 1
  m_PreserveUVs: 0
  m_IgnoreNormalsForChartDetection: 0
  m_ImportantGI: 0
  m_StitchLightmapSeams: 1
  m_SelectedEditorRenderState: 3
  m_MinimumChartSize: 4
  m_AutoUVMaxDistance: 0.5
  m_AutoUVMaxAngle: 89
  m_LightmapParameters: {fileID: 0}
  m_SortingLayerID: 0
  m_SortingLayer: 0
  m_SortingOrder: 0
  m_AdditionalVertexStreams: {fileID: 0}
--- !u!33 &900002214
MeshFilter:
  m_ObjectHideFlags: 0
  m_CorrespondingSourceObject: {fileID: 0}
  m_PrefabInstance: {fileID: 0}
  m_PrefabAsset: {fileID: 0}
  m_GameObject: {fileID: 900002210}
  m_Mesh: {fileID: 10202, guid: 0000000000000000e000000000000000, type: 0}
--- !u!4 &933015423 stripped
Transform:
  m_CorrespondingSourceObject: {fileID: -8679921383154817045, guid: 4f978f85f441acf4ca1c4accfb5686cc,
    type: 3}
  m_PrefabInstance: {fileID: 1630696669}
  m_PrefabAsset: {fileID: 0}
--- !u!1 &1018039749
GameObject:
  m_ObjectHideFlags: 0
  m_CorrespondingSourceObject: {fileID: 0}
  m_PrefabInstance: {fileID: 0}
  m_PrefabAsset: {fileID: 0}
  serializedVersion: 6
  m_Component:
  - component: {fileID: 1018039751}
  - component: {fileID: 1018039750}
  - component: {fileID: 1018039752}
  m_Layer: 0
  m_Name: XR Rig
  m_TagString: Untagged
  m_Icon: {fileID: 0}
  m_NavMeshLayer: 0
  m_StaticEditorFlags: 0
  m_IsActive: 1
--- !u!114 &1018039750
MonoBehaviour:
  m_ObjectHideFlags: 0
  m_CorrespondingSourceObject: {fileID: 0}
  m_PrefabInstance: {fileID: 0}
  m_PrefabAsset: {fileID: 0}
  m_GameObject: {fileID: 1018039749}
  m_Enabled: 1
  m_EditorHideFlags: 0
  m_Script: {fileID: 11500000, guid: 7448815bd5148434682b3d931066cd10, type: 3}
  m_Name: 
  m_EditorClassIdentifier: 
  m_Camera: {fileID: 0}
  m_OriginBaseGameObject: {fileID: 1018039749}
  m_CameraFloorOffsetObject: {fileID: 2139025904}
  m_RequestedTrackingOriginMode: 0
  m_CameraYOffset: 1.5
  m_CameraGameObject: {fileID: 1391999280}
--- !u!4 &1018039751
Transform:
  m_ObjectHideFlags: 0
  m_CorrespondingSourceObject: {fileID: 0}
  m_PrefabInstance: {fileID: 0}
  m_PrefabAsset: {fileID: 0}
  m_GameObject: {fileID: 1018039749}
  m_LocalRotation: {x: 0, y: 0, z: 0, w: 1}
  m_LocalPosition: {x: 0, y: -0.1, z: 0.3}
  m_LocalScale: {x: 1, y: 1, z: 1}
  m_Children:
  - {fileID: 2139025905}
  m_Father: {fileID: 0}
  m_RootOrder: 7
  m_LocalEulerAnglesHint: {x: 0, y: 0, z: 0}
--- !u!114 &1018039752
MonoBehaviour:
  m_ObjectHideFlags: 0
  m_CorrespondingSourceObject: {fileID: 0}
  m_PrefabInstance: {fileID: 0}
  m_PrefabAsset: {fileID: 0}
  m_GameObject: {fileID: 1018039749}
  m_Enabled: 1
  m_EditorHideFlags: 0
  m_Script: {fileID: 11500000, guid: 017c5e3933235514c9520e1dace2a4b2, type: 3}
  m_Name: 
  m_EditorClassIdentifier: 
  m_ActionAssets:
  - {fileID: -944628639613478452, guid: c348712bda248c246b8c49b3db54643f, type: 3}
--- !u!1001 &1072898820
PrefabInstance:
  m_ObjectHideFlags: 0
  serializedVersion: 2
  m_Modification:
    m_TransformParent: {fileID: 0}
    m_Modifications:
    - target: {fileID: -8679921383154817045, guid: 8aad2e42e31c2a04dbae3890d0c7de66,
        type: 3}
      propertyPath: m_RootOrder
      value: 3
      objectReference: {fileID: 0}
    - target: {fileID: -8679921383154817045, guid: 8aad2e42e31c2a04dbae3890d0c7de66,
        type: 3}
      propertyPath: m_LocalScale.x
      value: 1679.146
      objectReference: {fileID: 0}
    - target: {fileID: -8679921383154817045, guid: 8aad2e42e31c2a04dbae3890d0c7de66,
        type: 3}
      propertyPath: m_LocalScale.y
      value: 1679.146
      objectReference: {fileID: 0}
    - target: {fileID: -8679921383154817045, guid: 8aad2e42e31c2a04dbae3890d0c7de66,
        type: 3}
      propertyPath: m_LocalScale.z
      value: 1679.146
      objectReference: {fileID: 0}
    - target: {fileID: -8679921383154817045, guid: 8aad2e42e31c2a04dbae3890d0c7de66,
        type: 3}
      propertyPath: m_LocalPosition.x
      value: -0.85
      objectReference: {fileID: 0}
    - target: {fileID: -8679921383154817045, guid: 8aad2e42e31c2a04dbae3890d0c7de66,
        type: 3}
      propertyPath: m_LocalPosition.y
      value: -0.113
      objectReference: {fileID: 0}
    - target: {fileID: -8679921383154817045, guid: 8aad2e42e31c2a04dbae3890d0c7de66,
        type: 3}
      propertyPath: m_LocalPosition.z
      value: 0.047
      objectReference: {fileID: 0}
    - target: {fileID: -8679921383154817045, guid: 8aad2e42e31c2a04dbae3890d0c7de66,
        type: 3}
      propertyPath: m_LocalRotation.w
      value: 0.48689938
      objectReference: {fileID: 0}
    - target: {fileID: -8679921383154817045, guid: 8aad2e42e31c2a04dbae3890d0c7de66,
        type: 3}
      propertyPath: m_LocalRotation.x
      value: -0.48689952
      objectReference: {fileID: 0}
    - target: {fileID: -8679921383154817045, guid: 8aad2e42e31c2a04dbae3890d0c7de66,
        type: 3}
      propertyPath: m_LocalRotation.y
      value: -0.512766
      objectReference: {fileID: 0}
    - target: {fileID: -8679921383154817045, guid: 8aad2e42e31c2a04dbae3890d0c7de66,
        type: 3}
      propertyPath: m_LocalRotation.z
      value: -0.51276594
      objectReference: {fileID: 0}
    - target: {fileID: -8679921383154817045, guid: 8aad2e42e31c2a04dbae3890d0c7de66,
        type: 3}
      propertyPath: m_LocalEulerAnglesHint.x
      value: -90
      objectReference: {fileID: 0}
    - target: {fileID: -8679921383154817045, guid: 8aad2e42e31c2a04dbae3890d0c7de66,
        type: 3}
      propertyPath: m_LocalEulerAnglesHint.y
      value: 0
      objectReference: {fileID: 0}
    - target: {fileID: -8679921383154817045, guid: 8aad2e42e31c2a04dbae3890d0c7de66,
        type: 3}
      propertyPath: m_LocalEulerAnglesHint.z
      value: -92.964
      objectReference: {fileID: 0}
    - target: {fileID: -3775477534758875713, guid: 8aad2e42e31c2a04dbae3890d0c7de66,
        type: 3}
      propertyPath: m_Mesh
      value: 
      objectReference: {fileID: 9063095741034034548, guid: b2a273ef6de4999418eb8afd23fbeae8,
        type: 3}
    - target: {fileID: 919132149155446097, guid: 8aad2e42e31c2a04dbae3890d0c7de66,
        type: 3}
      propertyPath: m_Name
      value: DLS 1
      objectReference: {fileID: 0}
    - target: {fileID: 919132149155446097, guid: 8aad2e42e31c2a04dbae3890d0c7de66,
        type: 3}
      propertyPath: m_IsActive
      value: 0
      objectReference: {fileID: 0}
    m_RemovedComponents: []
  m_SourcePrefab: {fileID: 100100000, guid: 8aad2e42e31c2a04dbae3890d0c7de66, type: 3}
--- !u!1 &1072898823 stripped
GameObject:
  m_CorrespondingSourceObject: {fileID: 6451813520543602180, guid: 8aad2e42e31c2a04dbae3890d0c7de66,
    type: 3}
  m_PrefabInstance: {fileID: 1072898820}
  m_PrefabAsset: {fileID: 0}
--- !u!1 &1072898824 stripped
GameObject:
  m_CorrespondingSourceObject: {fileID: -551996754433397062, guid: 8aad2e42e31c2a04dbae3890d0c7de66,
    type: 3}
  m_PrefabInstance: {fileID: 1072898820}
  m_PrefabAsset: {fileID: 0}
--- !u!64 &1072898825
MeshCollider:
  m_ObjectHideFlags: 0
  m_CorrespondingSourceObject: {fileID: 0}
  m_PrefabInstance: {fileID: 0}
  m_PrefabAsset: {fileID: 0}
  m_GameObject: {fileID: 1072898823}
  m_Material: {fileID: 0}
  m_IsTrigger: 0
  m_Enabled: 1
  serializedVersion: 4
  m_Convex: 0
  m_CookingOptions: 30
  m_Mesh: {fileID: 5424696581441372034, guid: 8aad2e42e31c2a04dbae3890d0c7de66, type: 3}
--- !u!114 &1072898826
MonoBehaviour:
  m_ObjectHideFlags: 0
  m_CorrespondingSourceObject: {fileID: 0}
  m_PrefabInstance: {fileID: 0}
  m_PrefabAsset: {fileID: 0}
  m_GameObject: {fileID: 1072898823}
  m_Enabled: 1
  m_EditorHideFlags: 0
  m_Script: {fileID: 11500000, guid: b86715c0f01a64e40af59402208d1428, type: 3}
  m_Name: 
  m_EditorClassIdentifier: 
  openingButton: {fileID: 0}
  hingePoint: {fileID: 1791673680}
  maxAngle: 110
  rotationAxis: {x: 1, y: 0, z: 0}
  acceleration: 5
--- !u!54 &1072898827
Rigidbody:
  m_ObjectHideFlags: 0
  m_CorrespondingSourceObject: {fileID: 0}
  m_PrefabInstance: {fileID: 0}
  m_PrefabAsset: {fileID: 0}
  m_GameObject: {fileID: 1072898823}
  serializedVersion: 2
  m_Mass: 1
  m_Drag: 0
  m_AngularDrag: 0.05
  m_UseGravity: 0
  m_IsKinematic: 1
  m_Interpolate: 0
  m_Constraints: 0
  m_CollisionDetection: 0
--- !u!114 &1072898828
MonoBehaviour:
  m_ObjectHideFlags: 0
  m_CorrespondingSourceObject: {fileID: 0}
  m_PrefabInstance: {fileID: 0}
  m_PrefabAsset: {fileID: 0}
  m_GameObject: {fileID: 1072898824}
  m_Enabled: 1
  m_EditorHideFlags: 0
  m_Script: {fileID: 11500000, guid: 2ac9b99cd66b14647bb8234bc33e50f6, type: 3}
  m_Name: 
  m_EditorClassIdentifier: 
  m_InteractionManager: {fileID: 2019086509}
  m_Colliders: []
  m_InteractionLayerMask:
    serializedVersion: 2
    m_Bits: 4294967295
  m_InteractionLayers:
    m_Bits: 4294967295
  m_SelectMode: 0
  m_CustomReticle: {fileID: 0}
  m_FirstHoverEntered:
    m_PersistentCalls:
      m_Calls: []
  m_LastHoverExited:
    m_PersistentCalls:
      m_Calls: []
  m_HoverEntered:
    m_PersistentCalls:
      m_Calls: []
  m_HoverExited:
    m_PersistentCalls:
      m_Calls: []
  m_FirstSelectEntered:
    m_PersistentCalls:
      m_Calls: []
  m_LastSelectExited:
    m_PersistentCalls:
      m_Calls: []
  m_SelectEntered:
    m_PersistentCalls:
      m_Calls: []
  m_SelectExited:
    m_PersistentCalls:
      m_Calls: []
  m_Activated:
    m_PersistentCalls:
      m_Calls: []
  m_Deactivated:
    m_PersistentCalls:
      m_Calls: []
  m_OnFirstHoverEntered:
    m_PersistentCalls:
      m_Calls: []
  m_OnLastHoverExited:
    m_PersistentCalls:
      m_Calls: []
  m_OnHoverEntered:
    m_PersistentCalls:
      m_Calls: []
  m_OnHoverExited:
    m_PersistentCalls:
      m_Calls: []
  m_OnSelectEntered:
    m_PersistentCalls:
      m_Calls: []
  m_OnSelectExited:
    m_PersistentCalls:
      m_Calls: []
  m_OnSelectCanceled:
    m_PersistentCalls:
      m_Calls: []
  m_OnActivate:
    m_PersistentCalls:
      m_Calls: []
  m_OnDeactivate:
    m_PersistentCalls:
      m_Calls: []
  pressEvent:
    m_PersistentCalls:
      m_Calls:
      - m_Target: {fileID: 1072898826}
        m_TargetAssemblyTypeName: DoorOpening, Assembly-CSharp
        m_MethodName: OpenDoor
        m_Mode: 1
        m_Arguments:
          m_ObjectArgument: {fileID: 0}
          m_ObjectArgumentAssemblyTypeName: UnityEngine.Object, UnityEngine
          m_IntArgument: 0
          m_FloatArgument: 0
          m_StringArgument: 
          m_BoolArgument: 0
        m_CallState: 2
  maxPress: 0.005
  activatePress: 0.0025
--- !u!65 &1072898829
BoxCollider:
  m_ObjectHideFlags: 0
  m_CorrespondingSourceObject: {fileID: 0}
  m_PrefabInstance: {fileID: 0}
  m_PrefabAsset: {fileID: 0}
  m_GameObject: {fileID: 1072898824}
  m_Material: {fileID: 0}
  m_IsTrigger: 1
  m_Enabled: 1
  serializedVersion: 2
  m_Size: {x: 0.000013786876, y: 0.000055677352, z: 0.0000016980352}
  m_Center: {x: -0.00008996598, y: 0.00013851236, z: 0.000038826252}
--- !u!54 &1072898830
Rigidbody:
  m_ObjectHideFlags: 0
  m_CorrespondingSourceObject: {fileID: 0}
  m_PrefabInstance: {fileID: 0}
  m_PrefabAsset: {fileID: 0}
  m_GameObject: {fileID: 1072898824}
  serializedVersion: 2
  m_Mass: 1
  m_Drag: 0
  m_AngularDrag: 0.05
  m_UseGravity: 0
  m_IsKinematic: 1
  m_Interpolate: 0
  m_Constraints: 0
  m_CollisionDetection: 0
--- !u!1 &1216012816
GameObject:
  m_ObjectHideFlags: 0
  m_CorrespondingSourceObject: {fileID: 0}
  m_PrefabInstance: {fileID: 0}
  m_PrefabAsset: {fileID: 0}
  serializedVersion: 6
  m_Component:
  - component: {fileID: 1216012817}
  - component: {fileID: 1216012820}
  - component: {fileID: 1216012819}
  - component: {fileID: 1216012818}
  m_Layer: 0
  m_Name: RightHand Controller
  m_TagString: Untagged
  m_Icon: {fileID: 0}
  m_NavMeshLayer: 0
  m_StaticEditorFlags: 0
  m_IsActive: 1
--- !u!4 &1216012817
Transform:
  m_ObjectHideFlags: 0
  m_CorrespondingSourceObject: {fileID: 0}
  m_PrefabInstance: {fileID: 0}
  m_PrefabAsset: {fileID: 0}
  m_GameObject: {fileID: 1216012816}
  m_LocalRotation: {x: 0, y: 0, z: 0, w: 1}
  m_LocalPosition: {x: -0.505, y: 1.735, z: 0.584}
  m_LocalScale: {x: 1, y: 1, z: 1}
  m_Children: []
  m_Father: {fileID: 2139025905}
  m_RootOrder: 2
  m_LocalEulerAnglesHint: {x: 0, y: 0, z: 0}
--- !u!65 &1216012818
BoxCollider:
  m_ObjectHideFlags: 0
  m_CorrespondingSourceObject: {fileID: 0}
  m_PrefabInstance: {fileID: 0}
  m_PrefabAsset: {fileID: 0}
  m_GameObject: {fileID: 1216012816}
  m_Material: {fileID: 0}
  m_IsTrigger: 1
  m_Enabled: 1
  serializedVersion: 2
  m_Size: {x: 0.103868164, y: 0.13289294, z: 0.21168244}
  m_Center: {x: 0.020787429, y: -0.033553526, z: 0.0055403113}
--- !u!114 &1216012819
MonoBehaviour:
  m_ObjectHideFlags: 0
  m_CorrespondingSourceObject: {fileID: 0}
  m_PrefabInstance: {fileID: 0}
  m_PrefabAsset: {fileID: 0}
  m_GameObject: {fileID: 1216012816}
  m_Enabled: 1
  m_EditorHideFlags: 0
  m_Script: {fileID: 11500000, guid: 4253f32900bcc4d499d675566142ded0, type: 3}
  m_Name: 
  m_EditorClassIdentifier: 
  m_InteractionManager: {fileID: 2019086509}
  m_InteractionLayerMask:
    serializedVersion: 2
    m_Bits: 4294967295
  m_InteractionLayers:
    m_Bits: 4294967295
  m_AttachTransform: {fileID: 0}
  m_KeepSelectedTargetValid: 1
  m_StartingSelectedInteractable: {fileID: 0}
  m_HoverEntered:
    m_PersistentCalls:
      m_Calls:
      - m_Target: {fileID: 1390720648}
        m_TargetAssemblyTypeName: Test, Assembly-CSharp
        m_MethodName: printMessage
        m_Mode: 5
        m_Arguments:
          m_ObjectArgument: {fileID: 0}
          m_ObjectArgumentAssemblyTypeName: UnityEngine.Object, UnityEngine
          m_IntArgument: 0
          m_FloatArgument: 0
          m_StringArgument: Right Hover Enter
          m_BoolArgument: 0
        m_CallState: 2
  m_HoverExited:
    m_PersistentCalls:
      m_Calls:
      - m_Target: {fileID: 1390720648}
        m_TargetAssemblyTypeName: Test, Assembly-CSharp
        m_MethodName: printMessage
        m_Mode: 5
        m_Arguments:
          m_ObjectArgument: {fileID: 0}
          m_ObjectArgumentAssemblyTypeName: UnityEngine.Object, UnityEngine
          m_IntArgument: 0
          m_FloatArgument: 0
          m_StringArgument: Right Hover Exit
          m_BoolArgument: 0
        m_CallState: 2
  m_SelectEntered:
    m_PersistentCalls:
      m_Calls:
      - m_Target: {fileID: 1390720648}
        m_TargetAssemblyTypeName: Test, Assembly-CSharp
        m_MethodName: printMessage
        m_Mode: 5
        m_Arguments:
          m_ObjectArgument: {fileID: 0}
          m_ObjectArgumentAssemblyTypeName: UnityEngine.Object, UnityEngine
          m_IntArgument: 0
          m_FloatArgument: 0
          m_StringArgument: Right Select Entered
          m_BoolArgument: 0
        m_CallState: 2
  m_SelectExited:
    m_PersistentCalls:
      m_Calls:
      - m_Target: {fileID: 1390720648}
        m_TargetAssemblyTypeName: Test, Assembly-CSharp
        m_MethodName: printMessage
        m_Mode: 5
        m_Arguments:
          m_ObjectArgument: {fileID: 0}
          m_ObjectArgumentAssemblyTypeName: UnityEngine.Object, UnityEngine
          m_IntArgument: 0
          m_FloatArgument: 0
          m_StringArgument: Right Select Exit
          m_BoolArgument: 0
        m_CallState: 2
  m_OnHoverEntered:
    m_PersistentCalls:
      m_Calls: []
  m_OnHoverExited:
    m_PersistentCalls:
      m_Calls: []
  m_OnSelectEntered:
    m_PersistentCalls:
      m_Calls: []
  m_OnSelectExited:
    m_PersistentCalls:
      m_Calls: []
  m_SelectActionTrigger: 0
  m_HideControllerOnSelect: 0
  m_AllowHoveredActivate: 0
  m_PlayAudioClipOnSelectEntered: 0
  m_AudioClipForOnSelectEntered: {fileID: 0}
  m_PlayAudioClipOnSelectExited: 0
  m_AudioClipForOnSelectExited: {fileID: 0}
  m_PlayAudioClipOnSelectCanceled: 0
  m_AudioClipForOnSelectCanceled: {fileID: 0}
  m_PlayAudioClipOnHoverEntered: 0
  m_AudioClipForOnHoverEntered: {fileID: 0}
  m_PlayAudioClipOnHoverExited: 0
  m_AudioClipForOnHoverExited: {fileID: 0}
  m_PlayAudioClipOnHoverCanceled: 0
  m_AudioClipForOnHoverCanceled: {fileID: 0}
  m_PlayHapticsOnSelectEntered: 0
  m_HapticSelectEnterIntensity: 0
  m_HapticSelectEnterDuration: 0
  m_PlayHapticsOnSelectExited: 0
  m_HapticSelectExitIntensity: 0
  m_HapticSelectExitDuration: 0
  m_PlayHapticsOnSelectCanceled: 0
  m_HapticSelectCancelIntensity: 0
  m_HapticSelectCancelDuration: 0
  m_PlayHapticsOnHoverEntered: 0
  m_HapticHoverEnterIntensity: 0
  m_HapticHoverEnterDuration: 0
  m_PlayHapticsOnHoverExited: 0
  m_HapticHoverExitIntensity: 0
  m_HapticHoverExitDuration: 0
  m_PlayHapticsOnHoverCanceled: 0
  m_HapticHoverCancelIntensity: 0
  m_HapticHoverCancelDuration: 0
--- !u!114 &1216012820
MonoBehaviour:
  m_ObjectHideFlags: 0
  m_CorrespondingSourceObject: {fileID: 0}
  m_PrefabInstance: {fileID: 0}
  m_PrefabAsset: {fileID: 0}
  m_GameObject: {fileID: 1216012816}
  m_Enabled: 1
  m_EditorHideFlags: 0
  m_Script: {fileID: 11500000, guid: caff514de9b15ad48ab85dcff5508221, type: 3}
  m_Name: 
  m_EditorClassIdentifier: 
  m_UpdateTrackingType: 0
  m_EnableInputTracking: 1
  m_EnableInputActions: 1
  m_ModelPrefab: {fileID: 0}
  m_ModelParent: {fileID: 0}
  m_Model: {fileID: 0}
  m_AnimateModel: 0
  m_ModelSelectTransition: 
  m_ModelDeSelectTransition: 
  m_PositionAction:
    m_UseReference: 1
    m_Action:
      m_Name: Position
      m_Type: 0
      m_ExpectedControlType: 
      m_Id: 26d2aaa4-6518-4d33-8fae-419043a723d4
      m_Processors: 
      m_Interactions: 
      m_SingletonActionBindings: []
      m_Flags: 0
    m_Reference: {fileID: -3326005586356538449, guid: c348712bda248c246b8c49b3db54643f,
      type: 3}
  m_RotationAction:
    m_UseReference: 1
    m_Action:
      m_Name: Rotation
      m_Type: 0
      m_ExpectedControlType: 
      m_Id: d7a15530-737b-416a-9d5d-a8b51ba6c682
      m_Processors: 
      m_Interactions: 
      m_SingletonActionBindings: []
      m_Flags: 0
    m_Reference: {fileID: 5101698808175986029, guid: c348712bda248c246b8c49b3db54643f,
      type: 3}
  m_TrackingStateAction:
    m_UseReference: 0
    m_Action:
      m_Name: 
      m_Type: 0
      m_ExpectedControlType: 
      m_Id: 
      m_Processors: 
      m_Interactions: 
      m_SingletonActionBindings: []
      m_Flags: 0
    m_Reference: {fileID: 0}
  m_SelectAction:
    m_UseReference: 1
    m_Action:
      m_Name: Select
      m_Type: 0
      m_ExpectedControlType: 
      m_Id: 05483079-4b7c-4369-9176-fb8514428e98
      m_Processors: 
      m_Interactions: 
      m_SingletonActionBindings: []
      m_Flags: 0
    m_Reference: {fileID: 187161793506945269, guid: c348712bda248c246b8c49b3db54643f,
      type: 3}
  m_SelectActionValue:
    m_UseReference: 0
    m_Action:
      m_Name: 
      m_Type: 0
      m_ExpectedControlType: 
      m_Id: 
      m_Processors: 
      m_Interactions: 
      m_SingletonActionBindings: []
      m_Flags: 0
    m_Reference: {fileID: 0}
  m_ActivateAction:
    m_UseReference: 1
    m_Action:
      m_Name: Activate
      m_Type: 0
      m_ExpectedControlType: 
      m_Id: 38e5c09b-96d2-40e4-ae8e-3bfb9eb16727
      m_Processors: 
      m_Interactions: 
      m_SingletonActionBindings: []
      m_Flags: 0
    m_Reference: {fileID: 83097790271614945, guid: c348712bda248c246b8c49b3db54643f,
      type: 3}
  m_ActivateActionValue:
    m_UseReference: 0
    m_Action:
      m_Name: 
      m_Type: 0
      m_ExpectedControlType: 
      m_Id: 
      m_Processors: 
      m_Interactions: 
      m_SingletonActionBindings: []
      m_Flags: 0
    m_Reference: {fileID: 0}
  m_UIPressAction:
    m_UseReference: 1
    m_Action:
      m_Name: UI Press
      m_Type: 0
      m_ExpectedControlType: 
      m_Id: 347fe4ac-83bc-44f7-a0d2-2793a5775161
      m_Processors: 
      m_Interactions: 
      m_SingletonActionBindings: []
      m_Flags: 0
    m_Reference: {fileID: 3279264004350380116, guid: c348712bda248c246b8c49b3db54643f,
      type: 3}
  m_UIPressActionValue:
    m_UseReference: 0
    m_Action:
      m_Name: 
      m_Type: 0
      m_ExpectedControlType: 
      m_Id: 
      m_Processors: 
      m_Interactions: 
      m_SingletonActionBindings: []
      m_Flags: 0
    m_Reference: {fileID: 0}
  m_HapticDeviceAction:
    m_UseReference: 1
    m_Action:
      m_Name: Haptic Device
      m_Type: 0
      m_ExpectedControlType: 
      m_Id: 35cfed17-bcaf-4ff9-9fe0-fa1727b7619b
      m_Processors: 
      m_Interactions: 
      m_SingletonActionBindings: []
      m_Flags: 0
    m_Reference: {fileID: -8222252007134549311, guid: c348712bda248c246b8c49b3db54643f,
      type: 3}
  m_RotateAnchorAction:
    m_UseReference: 1
    m_Action:
      m_Name: Rotate Anchor
      m_Type: 0
      m_ExpectedControlType: 
      m_Id: 4fcd4b62-1769-4cc4-aaee-aea2fc40d24f
      m_Processors: 
      m_Interactions: 
      m_SingletonActionBindings: []
      m_Flags: 0
    m_Reference: {fileID: -5913262927076077117, guid: c348712bda248c246b8c49b3db54643f,
      type: 3}
  m_TranslateAnchorAction:
    m_UseReference: 1
    m_Action:
      m_Name: Translate Anchor
      m_Type: 0
      m_ExpectedControlType: 
      m_Id: 7bfe4461-8d15-4a61-9fa6-28ce950c9996
      m_Processors: 
      m_Interactions: 
      m_SingletonActionBindings: []
      m_Flags: 0
    m_Reference: {fileID: 875253871413052681, guid: c348712bda248c246b8c49b3db54643f,
      type: 3}
  m_ButtonPressPoint: 0.5
--- !u!1001 &1234524021
PrefabInstance:
  m_ObjectHideFlags: 0
  serializedVersion: 2
  m_Modification:
    m_TransformParent: {fileID: 0}
    m_Modifications:
    - target: {fileID: -8679921383154817045, guid: b2a273ef6de4999418eb8afd23fbeae8,
        type: 3}
      propertyPath: m_RootOrder
      value: 2
      objectReference: {fileID: 0}
    - target: {fileID: -8679921383154817045, guid: b2a273ef6de4999418eb8afd23fbeae8,
        type: 3}
      propertyPath: m_LocalScale.x
      value: 1420.4878
      objectReference: {fileID: 0}
    - target: {fileID: -8679921383154817045, guid: b2a273ef6de4999418eb8afd23fbeae8,
        type: 3}
      propertyPath: m_LocalScale.y
      value: 1420.4878
      objectReference: {fileID: 0}
    - target: {fileID: -8679921383154817045, guid: b2a273ef6de4999418eb8afd23fbeae8,
        type: 3}
      propertyPath: m_LocalScale.z
      value: 1420.4878
      objectReference: {fileID: 0}
    - target: {fileID: -8679921383154817045, guid: b2a273ef6de4999418eb8afd23fbeae8,
        type: 3}
      propertyPath: m_LocalPosition.x
      value: -0.979
      objectReference: {fileID: 0}
    - target: {fileID: -8679921383154817045, guid: b2a273ef6de4999418eb8afd23fbeae8,
        type: 3}
      propertyPath: m_LocalPosition.y
      value: 1.682
      objectReference: {fileID: 0}
    - target: {fileID: -8679921383154817045, guid: b2a273ef6de4999418eb8afd23fbeae8,
        type: 3}
      propertyPath: m_LocalPosition.z
      value: 0.005
      objectReference: {fileID: 0}
    - target: {fileID: -8679921383154817045, guid: b2a273ef6de4999418eb8afd23fbeae8,
        type: 3}
      propertyPath: m_LocalRotation.w
      value: 0.4903874
      objectReference: {fileID: 0}
    - target: {fileID: -8679921383154817045, guid: b2a273ef6de4999418eb8afd23fbeae8,
        type: 3}
      propertyPath: m_LocalRotation.x
      value: -0.4903875
      objectReference: {fileID: 0}
    - target: {fileID: -8679921383154817045, guid: b2a273ef6de4999418eb8afd23fbeae8,
        type: 3}
      propertyPath: m_LocalRotation.y
      value: -0.50943124
      objectReference: {fileID: 0}
    - target: {fileID: -8679921383154817045, guid: b2a273ef6de4999418eb8afd23fbeae8,
        type: 3}
      propertyPath: m_LocalRotation.z
      value: -0.50943124
      objectReference: {fileID: 0}
    - target: {fileID: -8679921383154817045, guid: b2a273ef6de4999418eb8afd23fbeae8,
        type: 3}
      propertyPath: m_LocalEulerAnglesHint.x
      value: -90
      objectReference: {fileID: 0}
    - target: {fileID: -8679921383154817045, guid: b2a273ef6de4999418eb8afd23fbeae8,
        type: 3}
      propertyPath: m_LocalEulerAnglesHint.y
      value: 0
      objectReference: {fileID: 0}
    - target: {fileID: -8679921383154817045, guid: b2a273ef6de4999418eb8afd23fbeae8,
        type: 3}
      propertyPath: m_LocalEulerAnglesHint.z
      value: -92.182
      objectReference: {fileID: 0}
    - target: {fileID: 919132149155446097, guid: b2a273ef6de4999418eb8afd23fbeae8,
        type: 3}
      propertyPath: m_Name
      value: DLS
      objectReference: {fileID: 0}
    - target: {fileID: 2657771329345391716, guid: b2a273ef6de4999418eb8afd23fbeae8,
        type: 3}
      propertyPath: m_Materials.Array.data[0]
      value: 
      objectReference: {fileID: 2100000, guid: 1b1da3fadcde217499312b33050806d1, type: 2}
    m_RemovedComponents: []
  m_SourcePrefab: {fileID: 100100000, guid: b2a273ef6de4999418eb8afd23fbeae8, type: 3}
--- !u!4 &1234524022 stripped
Transform:
  m_CorrespondingSourceObject: {fileID: 2752035425221141546, guid: b2a273ef6de4999418eb8afd23fbeae8,
    type: 3}
  m_PrefabInstance: {fileID: 1234524021}
  m_PrefabAsset: {fileID: 0}
--- !u!1 &1234524023 stripped
GameObject:
  m_CorrespondingSourceObject: {fileID: -551996754433397062, guid: b2a273ef6de4999418eb8afd23fbeae8,
    type: 3}
  m_PrefabInstance: {fileID: 1234524021}
  m_PrefabAsset: {fileID: 0}
--- !u!1 &1234524024 stripped
GameObject:
  m_CorrespondingSourceObject: {fileID: 6451813520543602180, guid: b2a273ef6de4999418eb8afd23fbeae8,
    type: 3}
  m_PrefabInstance: {fileID: 1234524021}
  m_PrefabAsset: {fileID: 0}
--- !u!114 &1234524025
MonoBehaviour:
  m_ObjectHideFlags: 0
  m_CorrespondingSourceObject: {fileID: 0}
  m_PrefabInstance: {fileID: 0}
  m_PrefabAsset: {fileID: 0}
  m_GameObject: {fileID: 1234524023}
  m_Enabled: 1
  m_EditorHideFlags: 0
  m_Script: {fileID: 11500000, guid: 2ac9b99cd66b14647bb8234bc33e50f6, type: 3}
  m_Name: 
  m_EditorClassIdentifier: 
  m_InteractionManager: {fileID: 2019086509}
  m_Colliders: []
  m_InteractionLayerMask:
    serializedVersion: 2
    m_Bits: 4294967295
  m_InteractionLayers:
    m_Bits: 4294967295
  m_SelectMode: 0
  m_CustomReticle: {fileID: 0}
  m_FirstHoverEntered:
    m_PersistentCalls:
      m_Calls: []
  m_LastHoverExited:
    m_PersistentCalls:
      m_Calls: []
  m_HoverEntered:
    m_PersistentCalls:
      m_Calls: []
  m_HoverExited:
    m_PersistentCalls:
      m_Calls: []
  m_FirstSelectEntered:
    m_PersistentCalls:
      m_Calls: []
  m_LastSelectExited:
    m_PersistentCalls:
      m_Calls: []
  m_SelectEntered:
    m_PersistentCalls:
      m_Calls: []
  m_SelectExited:
    m_PersistentCalls:
      m_Calls: []
  m_Activated:
    m_PersistentCalls:
      m_Calls: []
  m_Deactivated:
    m_PersistentCalls:
      m_Calls: []
  m_OnFirstHoverEntered:
    m_PersistentCalls:
      m_Calls: []
  m_OnLastHoverExited:
    m_PersistentCalls:
      m_Calls: []
  m_OnHoverEntered:
    m_PersistentCalls:
      m_Calls: []
  m_OnHoverExited:
    m_PersistentCalls:
      m_Calls: []
  m_OnSelectEntered:
    m_PersistentCalls:
      m_Calls: []
  m_OnSelectExited:
    m_PersistentCalls:
      m_Calls: []
  m_OnSelectCanceled:
    m_PersistentCalls:
      m_Calls: []
  m_OnActivate:
    m_PersistentCalls:
      m_Calls: []
  m_OnDeactivate:
    m_PersistentCalls:
      m_Calls: []
  pressEvent:
    m_PersistentCalls:
      m_Calls:
      - m_Target: {fileID: 1234524026}
        m_TargetAssemblyTypeName: DoorOpening, Assembly-CSharp
        m_MethodName: OpenDoor
        m_Mode: 1
        m_Arguments:
          m_ObjectArgument: {fileID: 0}
          m_ObjectArgumentAssemblyTypeName: UnityEngine.Object, UnityEngine
          m_IntArgument: 0
          m_FloatArgument: 0
          m_StringArgument: 
          m_BoolArgument: 0
        m_CallState: 2
  maxPress: 0.005
  activatePress: 0.0025
--- !u!114 &1234524026
MonoBehaviour:
  m_ObjectHideFlags: 0
  m_CorrespondingSourceObject: {fileID: 0}
  m_PrefabInstance: {fileID: 0}
  m_PrefabAsset: {fileID: 0}
  m_GameObject: {fileID: 1234524024}
  m_Enabled: 1
  m_EditorHideFlags: 0
  m_Script: {fileID: 11500000, guid: b86715c0f01a64e40af59402208d1428, type: 3}
  m_Name: 
  m_EditorClassIdentifier: 
  openingButton: {fileID: 1234524025}
  hingePoint: {fileID: 1791673680}
  maxAngle: 90
  rotationAxis: {x: 1, y: 0, z: 0}
  acceleration: 1
--- !u!4 &1234524027 stripped
Transform:
  m_CorrespondingSourceObject: {fileID: -2982833566629224108, guid: b2a273ef6de4999418eb8afd23fbeae8,
    type: 3}
  m_PrefabInstance: {fileID: 1234524021}
  m_PrefabAsset: {fileID: 0}
--- !u!65 &1234524028
BoxCollider:
  m_ObjectHideFlags: 0
  m_CorrespondingSourceObject: {fileID: 0}
  m_PrefabInstance: {fileID: 0}
  m_PrefabAsset: {fileID: 0}
  m_GameObject: {fileID: 1234524023}
  m_Material: {fileID: 0}
  m_IsTrigger: 1
  m_Enabled: 1
  serializedVersion: 2
  m_Size: {x: 0.0000137868765, y: 0.000055677338, z: 0.000001698045}
  m_Center: {x: -0.000089966015, y: 0.00013851235, z: 0.00003882624}
--- !u!54 &1234524029
Rigidbody:
  m_ObjectHideFlags: 0
  m_CorrespondingSourceObject: {fileID: 0}
  m_PrefabInstance: {fileID: 0}
  m_PrefabAsset: {fileID: 0}
  m_GameObject: {fileID: 1234524023}
  serializedVersion: 2
  m_Mass: 1
  m_Drag: 0
  m_AngularDrag: 0.05
  m_UseGravity: 0
  m_IsKinematic: 1
  m_Interpolate: 0
  m_Constraints: 0
  m_CollisionDetection: 0
--- !u!1 &1360767067
GameObject:
  m_ObjectHideFlags: 0
  m_CorrespondingSourceObject: {fileID: 0}
  m_PrefabInstance: {fileID: 0}
  m_PrefabAsset: {fileID: 0}
  serializedVersion: 6
  m_Component:
  - component: {fileID: 1360767068}
  - component: {fileID: 1360767069}
  m_Layer: 0
  m_Name: Video Player
  m_TagString: Untagged
  m_Icon: {fileID: 0}
  m_NavMeshLayer: 0
  m_StaticEditorFlags: 0
  m_IsActive: 1
--- !u!4 &1360767068
Transform:
  m_ObjectHideFlags: 0
  m_CorrespondingSourceObject: {fileID: 0}
  m_PrefabInstance: {fileID: 0}
  m_PrefabAsset: {fileID: 0}
  m_GameObject: {fileID: 1360767067}
  m_LocalRotation: {x: 0, y: 0, z: 0, w: 1}
  m_LocalPosition: {x: 0, y: 0, z: 0}
  m_LocalScale: {x: 1, y: 1, z: 1}
  m_Children: []
  m_Father: {fileID: 900002211}
  m_RootOrder: 0
  m_LocalEulerAnglesHint: {x: 0, y: 0, z: 0}
--- !u!328 &1360767069
VideoPlayer:
  m_ObjectHideFlags: 0
  m_CorrespondingSourceObject: {fileID: 0}
  m_PrefabInstance: {fileID: 0}
  m_PrefabAsset: {fileID: 0}
  m_GameObject: {fileID: 1360767067}
  m_Enabled: 1
  m_VideoClip: {fileID: 0}
  m_TargetCameraAlpha: 1
  m_TargetCamera3DLayout: 0
  m_TargetCamera: {fileID: 1391999283}
  m_TargetTexture: {fileID: 8400000, guid: ff06f77d02374e24f933c87b0904d570, type: 2}
  m_TimeReference: 0
  m_TargetMaterialRenderer: {fileID: 0}
  m_TargetMaterialProperty: _MainTex
  m_RenderMode: 2
  m_AspectRatio: 2
  m_DataSource: 0
  m_PlaybackSpeed: 1
  m_AudioOutputMode: 0
  m_TargetAudioSources:
  - {fileID: 0}
  m_DirectAudioVolumes:
  - 1
  m_Url: 
  m_EnabledAudioTracks: 01
  m_DirectAudioMutes: 00
  m_ControlledAudioTrackCount: 1
  m_PlayOnAwake: 1
  m_SkipOnDrop: 1
  m_Looping: 0
  m_WaitForFirstFrame: 1
  m_FrameReadyEventEnabled: 0
  m_VideoShaders: []
--- !u!1 &1390720647
GameObject:
  m_ObjectHideFlags: 0
  m_CorrespondingSourceObject: {fileID: 0}
  m_PrefabInstance: {fileID: 0}
  m_PrefabAsset: {fileID: 0}
  serializedVersion: 6
  m_Component:
  - component: {fileID: 1390720649}
  - component: {fileID: 1390720648}
  m_Layer: 0
  m_Name: Test
  m_TagString: Untagged
  m_Icon: {fileID: 0}
  m_NavMeshLayer: 0
  m_StaticEditorFlags: 0
  m_IsActive: 1
--- !u!114 &1390720648
MonoBehaviour:
  m_ObjectHideFlags: 0
  m_CorrespondingSourceObject: {fileID: 0}
  m_PrefabInstance: {fileID: 0}
  m_PrefabAsset: {fileID: 0}
  m_GameObject: {fileID: 1390720647}
  m_Enabled: 1
  m_EditorHideFlags: 0
  m_Script: {fileID: 11500000, guid: 104fd5e970600874a8b892f27446ce6e, type: 3}
  m_Name: 
  m_EditorClassIdentifier: 
--- !u!4 &1390720649
Transform:
  m_ObjectHideFlags: 0
  m_CorrespondingSourceObject: {fileID: 0}
  m_PrefabInstance: {fileID: 0}
  m_PrefabAsset: {fileID: 0}
  m_GameObject: {fileID: 1390720647}
  m_LocalRotation: {x: 0, y: 0, z: 0, w: 1}
  m_LocalPosition: {x: 1.0539153, y: 1.642216, z: 0.19760656}
  m_LocalScale: {x: 1, y: 1, z: 1}
  m_Children: []
  m_Father: {fileID: 0}
  m_RootOrder: 8
  m_LocalEulerAnglesHint: {x: 0, y: 0, z: 0}
--- !u!1 &1391999280
GameObject:
  m_ObjectHideFlags: 0
  m_CorrespondingSourceObject: {fileID: 0}
  m_PrefabInstance: {fileID: 0}
  m_PrefabAsset: {fileID: 0}
  serializedVersion: 6
  m_Component:
  - component: {fileID: 1391999284}
  - component: {fileID: 1391999283}
  - component: {fileID: 1391999282}
  - component: {fileID: 1391999281}
  - component: {fileID: 1391999285}
  m_Layer: 0
  m_Name: Main Camera
  m_TagString: MainCamera
  m_Icon: {fileID: 0}
  m_NavMeshLayer: 0
  m_StaticEditorFlags: 0
  m_IsActive: 1
--- !u!114 &1391999281
MonoBehaviour:
  m_ObjectHideFlags: 0
  m_CorrespondingSourceObject: {fileID: 0}
  m_PrefabInstance: {fileID: 0}
  m_PrefabAsset: {fileID: 0}
  m_GameObject: {fileID: 1391999280}
  m_Enabled: 1
  m_EditorHideFlags: 0
  m_Script: {fileID: 11500000, guid: c2fadf230d1919748a9aa21d40f74619, type: 3}
  m_Name: 
  m_EditorClassIdentifier: 
  m_TrackingType: 0
  m_UpdateType: 0
  m_PositionInput:
    m_UseReference: 0
    m_Action:
      m_Name: Main Camera - TPD - Position
      m_Type: 0
      m_ExpectedControlType: Vector3
      m_Id: a6dcf95f-8d24-46c2-af44-79a26173ac61
      m_Processors: 
      m_Interactions: 
      m_SingletonActionBindings:
      - m_Name: 
        m_Id: d4fd80fd-8e96-4808-8630-e8329c8b15a8
        m_Path: <XRHMD>/centerEyePosition
        m_Interactions: 
        m_Processors: 
        m_Groups: 
        m_Action: Main Camera - TPD - Position
        m_Flags: 0
      m_Flags: 0
    m_Reference: {fileID: 0}
  m_RotationInput:
    m_UseReference: 0
    m_Action:
      m_Name: Main Camera - TPD - Rotation
      m_Type: 0
      m_ExpectedControlType: Quaternion
      m_Id: 2ca27ff6-67bc-4899-b6e1-ffdf2f53f6bc
      m_Processors: 
      m_Interactions: 
      m_SingletonActionBindings:
      - m_Name: 
        m_Id: 4d9ce73e-c344-46b3-9bbb-de35601bac64
        m_Path: <XRHMD>/centerEyeRotation
        m_Interactions: 
        m_Processors: 
        m_Groups: 
        m_Action: Main Camera - TPD - Rotation
        m_Flags: 0
      m_Flags: 0
    m_Reference: {fileID: 0}
  m_PositionAction:
    m_Name: Main Camera - TPD - Position
    m_Type: 0
    m_ExpectedControlType: Vector3
    m_Id: a6dcf95f-8d24-46c2-af44-79a26173ac61
    m_Processors: 
    m_Interactions: 
    m_SingletonActionBindings:
    - m_Name: 
      m_Id: d4fd80fd-8e96-4808-8630-e8329c8b15a8
      m_Path: <XRHMD>/centerEyePosition
      m_Interactions: 
      m_Processors: 
      m_Groups: 
      m_Action: Main Camera - TPD - Position
      m_Flags: 0
    m_Flags: 0
  m_RotationAction:
    m_Name: Main Camera - TPD - Rotation
    m_Type: 0
    m_ExpectedControlType: Quaternion
    m_Id: 2ca27ff6-67bc-4899-b6e1-ffdf2f53f6bc
    m_Processors: 
    m_Interactions: 
    m_SingletonActionBindings:
    - m_Name: 
      m_Id: 4d9ce73e-c344-46b3-9bbb-de35601bac64
      m_Path: <XRHMD>/centerEyeRotation
      m_Interactions: 
      m_Processors: 
      m_Groups: 
      m_Action: Main Camera - TPD - Rotation
      m_Flags: 0
    m_Flags: 0
  m_HasMigratedActions: 1
--- !u!81 &1391999282
AudioListener:
  m_ObjectHideFlags: 0
  m_CorrespondingSourceObject: {fileID: 0}
  m_PrefabInstance: {fileID: 0}
  m_PrefabAsset: {fileID: 0}
  m_GameObject: {fileID: 1391999280}
  m_Enabled: 1
--- !u!20 &1391999283
Camera:
  m_ObjectHideFlags: 0
  m_CorrespondingSourceObject: {fileID: 0}
  m_PrefabInstance: {fileID: 0}
  m_PrefabAsset: {fileID: 0}
  m_GameObject: {fileID: 1391999280}
  m_Enabled: 1
  serializedVersion: 2
  m_ClearFlags: 1
  m_BackGroundColor: {r: 0.19215687, g: 0.3019608, b: 0.4745098, a: 0}
  m_projectionMatrixMode: 1
  m_GateFitMode: 2
  m_FOVAxisMode: 0
  m_SensorSize: {x: 36, y: 24}
  m_LensShift: {x: 0, y: 0}
  m_FocalLength: 50
  m_NormalizedViewPortRect:
    serializedVersion: 2
    x: 0
    y: 0
    width: 1
    height: 1
  near clip plane: 0.01
  far clip plane: 1000
  field of view: 60
  orthographic: 0
  orthographic size: 5
  m_Depth: 0
  m_CullingMask:
    serializedVersion: 2
    m_Bits: 4294967295
  m_RenderingPath: -1
  m_TargetTexture: {fileID: 0}
  m_TargetDisplay: 0
  m_TargetEye: 3
  m_HDR: 1
  m_AllowMSAA: 1
  m_AllowDynamicResolution: 0
  m_ForceIntoRT: 0
  m_OcclusionCulling: 1
  m_StereoConvergence: 10
  m_StereoSeparation: 0.022
--- !u!4 &1391999284
Transform:
  m_ObjectHideFlags: 0
  m_CorrespondingSourceObject: {fileID: 0}
  m_PrefabInstance: {fileID: 0}
  m_PrefabAsset: {fileID: 0}
  m_GameObject: {fileID: 1391999280}
  m_LocalRotation: {x: 0, y: 0, z: 0, w: 1}
  m_LocalPosition: {x: 0, y: 0, z: 0}
  m_LocalScale: {x: 1, y: 1, z: 1}
  m_Children: []
  m_Father: {fileID: 2139025905}
  m_RootOrder: 0
  m_LocalEulerAnglesHint: {x: 0, y: 0, z: 0}
--- !u!114 &1391999285
MonoBehaviour:
  m_ObjectHideFlags: 0
  m_CorrespondingSourceObject: {fileID: 0}
  m_PrefabInstance: {fileID: 0}
  m_PrefabAsset: {fileID: 0}
  m_GameObject: {fileID: 1391999280}
  m_Enabled: 1
  m_EditorHideFlags: 0
  m_Script: {fileID: 11500000, guid: a79441f348de89743a2939f4d699eac1, type: 3}
  m_Name: 
  m_EditorClassIdentifier: 
  m_RenderShadows: 1
  m_RequiresDepthTextureOption: 2
  m_RequiresOpaqueTextureOption: 2
  m_CameraType: 0
  m_Cameras: []
  m_RendererIndex: -1
  m_VolumeLayerMask:
    serializedVersion: 2
    m_Bits: 1
  m_VolumeTrigger: {fileID: 0}
  m_VolumeFrameworkUpdateModeOption: 2
  m_RenderPostProcessing: 0
  m_Antialiasing: 0
  m_AntialiasingQuality: 2
  m_StopNaN: 0
  m_Dithering: 0
  m_ClearDepth: 1
  m_AllowXRRendering: 1
  m_RequiresDepthTexture: 0
  m_RequiresColorTexture: 0
  m_Version: 2
--- !u!1 &1425167636
GameObject:
  m_ObjectHideFlags: 0
  m_CorrespondingSourceObject: {fileID: 0}
  m_PrefabInstance: {fileID: 0}
  m_PrefabAsset: {fileID: 0}
  serializedVersion: 6
  m_Component:
  - component: {fileID: 1425167637}
  - component: {fileID: 1425167641}
  - component: {fileID: 1425167638}
  - component: {fileID: 1425167639}
  m_Layer: 0
  m_Name: LeftHand Controller
  m_TagString: Untagged
  m_Icon: {fileID: 0}
  m_NavMeshLayer: 0
  m_StaticEditorFlags: 0
  m_IsActive: 1
--- !u!4 &1425167637
Transform:
  m_ObjectHideFlags: 0
  m_CorrespondingSourceObject: {fileID: 0}
  m_PrefabInstance: {fileID: 0}
  m_PrefabAsset: {fileID: 0}
  m_GameObject: {fileID: 1425167636}
  m_LocalRotation: {x: 0, y: 0, z: 0, w: 1}
  m_LocalPosition: {x: 0, y: 0, z: 0}
  m_LocalScale: {x: 1, y: 1, z: 1}
  m_Children: []
  m_Father: {fileID: 2139025905}
  m_RootOrder: 1
  m_LocalEulerAnglesHint: {x: 0, y: 0, z: 0}
--- !u!114 &1425167638
MonoBehaviour:
  m_ObjectHideFlags: 0
  m_CorrespondingSourceObject: {fileID: 0}
  m_PrefabInstance: {fileID: 0}
  m_PrefabAsset: {fileID: 0}
  m_GameObject: {fileID: 1425167636}
  m_Enabled: 1
  m_EditorHideFlags: 0
  m_Script: {fileID: 11500000, guid: 4253f32900bcc4d499d675566142ded0, type: 3}
  m_Name: 
  m_EditorClassIdentifier: 
  m_InteractionManager: {fileID: 2019086509}
  m_InteractionLayerMask:
    serializedVersion: 2
    m_Bits: 4294967295
  m_InteractionLayers:
    m_Bits: 4294967295
  m_AttachTransform: {fileID: 0}
  m_KeepSelectedTargetValid: 1
  m_StartingSelectedInteractable: {fileID: 0}
  m_HoverEntered:
    m_PersistentCalls:
      m_Calls: []
  m_HoverExited:
    m_PersistentCalls:
      m_Calls: []
  m_SelectEntered:
    m_PersistentCalls:
      m_Calls: []
  m_SelectExited:
    m_PersistentCalls:
      m_Calls: []
  m_OnHoverEntered:
    m_PersistentCalls:
      m_Calls: []
  m_OnHoverExited:
    m_PersistentCalls:
      m_Calls: []
  m_OnSelectEntered:
    m_PersistentCalls:
      m_Calls: []
  m_OnSelectExited:
    m_PersistentCalls:
      m_Calls: []
  m_SelectActionTrigger: 0
  m_HideControllerOnSelect: 0
  m_AllowHoveredActivate: 0
  m_PlayAudioClipOnSelectEntered: 0
  m_AudioClipForOnSelectEntered: {fileID: 0}
  m_PlayAudioClipOnSelectExited: 0
  m_AudioClipForOnSelectExited: {fileID: 0}
  m_PlayAudioClipOnSelectCanceled: 0
  m_AudioClipForOnSelectCanceled: {fileID: 0}
  m_PlayAudioClipOnHoverEntered: 0
  m_AudioClipForOnHoverEntered: {fileID: 0}
  m_PlayAudioClipOnHoverExited: 0
  m_AudioClipForOnHoverExited: {fileID: 0}
  m_PlayAudioClipOnHoverCanceled: 0
  m_AudioClipForOnHoverCanceled: {fileID: 0}
  m_PlayHapticsOnSelectEntered: 0
  m_HapticSelectEnterIntensity: 0
  m_HapticSelectEnterDuration: 0
  m_PlayHapticsOnSelectExited: 0
  m_HapticSelectExitIntensity: 0
  m_HapticSelectExitDuration: 0
  m_PlayHapticsOnSelectCanceled: 0
  m_HapticSelectCancelIntensity: 0
  m_HapticSelectCancelDuration: 0
  m_PlayHapticsOnHoverEntered: 0
  m_HapticHoverEnterIntensity: 0
  m_HapticHoverEnterDuration: 0
  m_PlayHapticsOnHoverExited: 0
  m_HapticHoverExitIntensity: 0
  m_HapticHoverExitDuration: 0
  m_PlayHapticsOnHoverCanceled: 0
  m_HapticHoverCancelIntensity: 0
  m_HapticHoverCancelDuration: 0
--- !u!65 &1425167639
BoxCollider:
  m_ObjectHideFlags: 0
  m_CorrespondingSourceObject: {fileID: 0}
  m_PrefabInstance: {fileID: 0}
  m_PrefabAsset: {fileID: 0}
  m_GameObject: {fileID: 1425167636}
  m_Material: {fileID: 0}
  m_IsTrigger: 1
  m_Enabled: 1
  serializedVersion: 2
  m_Size: {x: 0.13359939, y: 0.14411902, z: 0.19442326}
  m_Center: {x: -0.044160597, y: -0.03827274, z: 0.011747748}
--- !u!114 &1425167641
MonoBehaviour:
  m_ObjectHideFlags: 0
  m_CorrespondingSourceObject: {fileID: 0}
  m_PrefabInstance: {fileID: 0}
  m_PrefabAsset: {fileID: 0}
  m_GameObject: {fileID: 1425167636}
  m_Enabled: 1
  m_EditorHideFlags: 0
  m_Script: {fileID: 11500000, guid: caff514de9b15ad48ab85dcff5508221, type: 3}
  m_Name: 
  m_EditorClassIdentifier: 
  m_UpdateTrackingType: 0
  m_EnableInputTracking: 1
  m_EnableInputActions: 1
  m_ModelPrefab: {fileID: 0}
  m_ModelParent: {fileID: 0}
  m_Model: {fileID: 0}
  m_AnimateModel: 0
  m_ModelSelectTransition: 
  m_ModelDeSelectTransition: 
  m_PositionAction:
    m_UseReference: 1
    m_Action:
      m_Name: Position
      m_Type: 0
      m_ExpectedControlType: 
      m_Id: 26d2aaa4-6518-4d33-8fae-419043a723d4
      m_Processors: 
      m_Interactions: 
      m_SingletonActionBindings: []
      m_Flags: 0
    m_Reference: {fileID: -2024308242397127297, guid: c348712bda248c246b8c49b3db54643f,
      type: 3}
  m_RotationAction:
    m_UseReference: 1
    m_Action:
      m_Name: Rotation
      m_Type: 0
      m_ExpectedControlType: 
      m_Id: d7a15530-737b-416a-9d5d-a8b51ba6c682
      m_Processors: 
      m_Interactions: 
      m_SingletonActionBindings: []
      m_Flags: 0
    m_Reference: {fileID: 8248158260566104461, guid: c348712bda248c246b8c49b3db54643f,
      type: 3}
  m_TrackingStateAction:
    m_UseReference: 0
    m_Action:
      m_Name: 
      m_Type: 0
      m_ExpectedControlType: 
      m_Id: 
      m_Processors: 
      m_Interactions: 
      m_SingletonActionBindings: []
      m_Flags: 0
    m_Reference: {fileID: 0}
  m_SelectAction:
    m_UseReference: 1
    m_Action:
      m_Name: Select
      m_Type: 0
      m_ExpectedControlType: 
      m_Id: 05483079-4b7c-4369-9176-fb8514428e98
      m_Processors: 
      m_Interactions: 
      m_SingletonActionBindings: []
      m_Flags: 0
    m_Reference: {fileID: -6131295136447488360, guid: c348712bda248c246b8c49b3db54643f,
      type: 3}
  m_SelectActionValue:
    m_UseReference: 0
    m_Action:
      m_Name: 
      m_Type: 0
      m_ExpectedControlType: 
      m_Id: 
      m_Processors: 
      m_Interactions: 
      m_SingletonActionBindings: []
      m_Flags: 0
    m_Reference: {fileID: 0}
  m_ActivateAction:
    m_UseReference: 1
    m_Action:
      m_Name: Activate
      m_Type: 0
      m_ExpectedControlType: 
      m_Id: 38e5c09b-96d2-40e4-ae8e-3bfb9eb16727
      m_Processors: 
      m_Interactions: 
      m_SingletonActionBindings: []
      m_Flags: 0
    m_Reference: {fileID: -5982496924579745919, guid: c348712bda248c246b8c49b3db54643f,
      type: 3}
  m_ActivateActionValue:
    m_UseReference: 0
    m_Action:
      m_Name: 
      m_Type: 0
      m_ExpectedControlType: 
      m_Id: 
      m_Processors: 
      m_Interactions: 
      m_SingletonActionBindings: []
      m_Flags: 0
    m_Reference: {fileID: 0}
  m_UIPressAction:
    m_UseReference: 1
    m_Action:
      m_Name: UI Press
      m_Type: 0
      m_ExpectedControlType: 
      m_Id: 347fe4ac-83bc-44f7-a0d2-2793a5775161
      m_Processors: 
      m_Interactions: 
      m_SingletonActionBindings: []
      m_Flags: 0
    m_Reference: {fileID: -6395602842196007441, guid: c348712bda248c246b8c49b3db54643f,
      type: 3}
  m_UIPressActionValue:
    m_UseReference: 0
    m_Action:
      m_Name: 
      m_Type: 0
      m_ExpectedControlType: 
      m_Id: 
      m_Processors: 
      m_Interactions: 
      m_SingletonActionBindings: []
      m_Flags: 0
    m_Reference: {fileID: 0}
  m_HapticDeviceAction:
    m_UseReference: 1
    m_Action:
      m_Name: Haptic Device
      m_Type: 0
      m_ExpectedControlType: 
      m_Id: 35cfed17-bcaf-4ff9-9fe0-fa1727b7619b
      m_Processors: 
      m_Interactions: 
      m_SingletonActionBindings: []
      m_Flags: 0
    m_Reference: {fileID: -8785819595477538065, guid: c348712bda248c246b8c49b3db54643f,
      type: 3}
  m_RotateAnchorAction:
    m_UseReference: 1
    m_Action:
      m_Name: Rotate Anchor
      m_Type: 0
      m_ExpectedControlType: 
      m_Id: 4fcd4b62-1769-4cc4-aaee-aea2fc40d24f
      m_Processors: 
      m_Interactions: 
      m_SingletonActionBindings: []
      m_Flags: 0
    m_Reference: {fileID: -7363382999065477798, guid: c348712bda248c246b8c49b3db54643f,
      type: 3}
  m_TranslateAnchorAction:
    m_UseReference: 1
    m_Action:
      m_Name: Translate Anchor
      m_Type: 0
      m_ExpectedControlType: 
      m_Id: 7bfe4461-8d15-4a61-9fa6-28ce950c9996
      m_Processors: 
      m_Interactions: 
      m_SingletonActionBindings: []
      m_Flags: 0
    m_Reference: {fileID: 7779212132400271959, guid: c348712bda248c246b8c49b3db54643f,
      type: 3}
  m_ButtonPressPoint: 0.5
--- !u!1 &1452417182
GameObject:
  m_ObjectHideFlags: 0
  m_CorrespondingSourceObject: {fileID: 0}
  m_PrefabInstance: {fileID: 0}
  m_PrefabAsset: {fileID: 0}
  serializedVersion: 6
  m_Component:
  - component: {fileID: 1452417183}
  m_Layer: 0
  m_Name: AttachPoint
  m_TagString: Untagged
  m_Icon: {fileID: 0}
  m_NavMeshLayer: 0
  m_StaticEditorFlags: 0
  m_IsActive: 1
--- !u!4 &1452417183
Transform:
  m_ObjectHideFlags: 0
  m_CorrespondingSourceObject: {fileID: 0}
  m_PrefabInstance: {fileID: 0}
  m_PrefabAsset: {fileID: 0}
  m_GameObject: {fileID: 1452417182}
  m_LocalRotation: {x: -0.00000004470348, y: 0.000000029802319, z: 0.005223557, w: 0.9999864}
  m_LocalPosition: {x: -0.0000388, y: 0.0001466, z: -0.000055}
  m_LocalScale: {x: 0.2575145, y: 0.25751442, z: 0.25751442}
  m_Children: []
  m_Father: {fileID: 1234524027}
  m_RootOrder: 3
  m_LocalEulerAnglesHint: {x: 0, y: 0, z: 0.599}
--- !u!1001 &1622194422
PrefabInstance:
  m_ObjectHideFlags: 0
  serializedVersion: 2
  m_Modification:
    m_TransformParent: {fileID: 0}
    m_Modifications:
    - target: {fileID: 1420838889492912928, guid: 6cef3a5a0e440154ea2b0eb7aab6c576,
        type: 3}
      propertyPath: m_Name
      value: DTS0012
      objectReference: {fileID: 0}
    - target: {fileID: 1800320400773169562, guid: 6cef3a5a0e440154ea2b0eb7aab6c576,
        type: 3}
      propertyPath: m_RootOrder
      value: 1
      objectReference: {fileID: 0}
    - target: {fileID: 1800320400773169562, guid: 6cef3a5a0e440154ea2b0eb7aab6c576,
        type: 3}
      propertyPath: m_LocalPosition.x
      value: -0.2548
      objectReference: {fileID: 0}
    - target: {fileID: 1800320400773169562, guid: 6cef3a5a0e440154ea2b0eb7aab6c576,
        type: 3}
      propertyPath: m_LocalPosition.y
      value: 1.5601
      objectReference: {fileID: 0}
    - target: {fileID: 1800320400773169562, guid: 6cef3a5a0e440154ea2b0eb7aab6c576,
        type: 3}
      propertyPath: m_LocalPosition.z
      value: -0.0513
      objectReference: {fileID: 0}
    - target: {fileID: 1800320400773169562, guid: 6cef3a5a0e440154ea2b0eb7aab6c576,
        type: 3}
      propertyPath: m_LocalRotation.w
      value: 0.51634955
      objectReference: {fileID: 0}
    - target: {fileID: 1800320400773169562, guid: 6cef3a5a0e440154ea2b0eb7aab6c576,
        type: 3}
      propertyPath: m_LocalRotation.x
      value: -0.51187766
      objectReference: {fileID: 0}
    - target: {fileID: 1800320400773169562, guid: 6cef3a5a0e440154ea2b0eb7aab6c576,
        type: 3}
      propertyPath: m_LocalRotation.y
      value: -0.48335522
      objectReference: {fileID: 0}
    - target: {fileID: 1800320400773169562, guid: 6cef3a5a0e440154ea2b0eb7aab6c576,
        type: 3}
      propertyPath: m_LocalRotation.z
      value: -0.48757794
      objectReference: {fileID: 0}
    - target: {fileID: 1800320400773169562, guid: 6cef3a5a0e440154ea2b0eb7aab6c576,
        type: 3}
      propertyPath: m_LocalEulerAnglesHint.x
      value: 269.503
      objectReference: {fileID: 0}
    - target: {fileID: 1800320400773169562, guid: 6cef3a5a0e440154ea2b0eb7aab6c576,
        type: 3}
      propertyPath: m_LocalEulerAnglesHint.y
      value: 180
      objectReference: {fileID: 0}
    - target: {fileID: 1800320400773169562, guid: 6cef3a5a0e440154ea2b0eb7aab6c576,
        type: 3}
      propertyPath: m_LocalEulerAnglesHint.z
      value: 93.283
      objectReference: {fileID: 0}
    - target: {fileID: 1989169779391983033, guid: 6cef3a5a0e440154ea2b0eb7aab6c576,
        type: 3}
      propertyPath: m_Enabled
      value: 0
      objectReference: {fileID: 0}
    - target: {fileID: 1989169779391983033, guid: 6cef3a5a0e440154ea2b0eb7aab6c576,
        type: 3}
      propertyPath: defaultPosition.x
      value: -0.2042
      objectReference: {fileID: 0}
    - target: {fileID: 1989169779391983033, guid: 6cef3a5a0e440154ea2b0eb7aab6c576,
        type: 3}
      propertyPath: defaultPosition.y
      value: 1.5733
      objectReference: {fileID: 0}
    - target: {fileID: 1989169779391983033, guid: 6cef3a5a0e440154ea2b0eb7aab6c576,
        type: 3}
      propertyPath: defaultPosition.z
      value: -0.1017
      objectReference: {fileID: 0}
    - target: {fileID: 2267206860251659286, guid: 6cef3a5a0e440154ea2b0eb7aab6c576,
        type: 3}
      propertyPath: m_InteractionManager
      value: 
      objectReference: {fileID: 2019086509}
    - target: {fileID: 4177187349172614737, guid: 6cef3a5a0e440154ea2b0eb7aab6c576,
        type: 3}
      propertyPath: GlobalObjectIdHash
      value: 3757473870
      objectReference: {fileID: 0}
    - target: {fileID: 4177187349172614737, guid: 6cef3a5a0e440154ea2b0eb7aab6c576,
        type: 3}
      propertyPath: DontDestroyWithOwner
      value: 1
      objectReference: {fileID: 0}
    m_RemovedComponents: []
  m_SourcePrefab: {fileID: 100100000, guid: 6cef3a5a0e440154ea2b0eb7aab6c576, type: 3}
--- !u!1001 &1630696669
PrefabInstance:
  m_ObjectHideFlags: 0
  serializedVersion: 2
  m_Modification:
    m_TransformParent: {fileID: 704638823}
    m_Modifications:
    - target: {fileID: -8679921383154817045, guid: 4f978f85f441acf4ca1c4accfb5686cc,
        type: 3}
      propertyPath: m_RootOrder
      value: 1
      objectReference: {fileID: 0}
    - target: {fileID: -8679921383154817045, guid: 4f978f85f441acf4ca1c4accfb5686cc,
        type: 3}
      propertyPath: m_LocalScale.x
      value: 5.580786
      objectReference: {fileID: 0}
    - target: {fileID: -8679921383154817045, guid: 4f978f85f441acf4ca1c4accfb5686cc,
        type: 3}
      propertyPath: m_LocalScale.y
      value: 5.147053
      objectReference: {fileID: 0}
    - target: {fileID: -8679921383154817045, guid: 4f978f85f441acf4ca1c4accfb5686cc,
        type: 3}
      propertyPath: m_LocalScale.z
      value: 5.580786
      objectReference: {fileID: 0}
    - target: {fileID: -8679921383154817045, guid: 4f978f85f441acf4ca1c4accfb5686cc,
        type: 3}
      propertyPath: m_LocalPosition.x
      value: -1.926565
      objectReference: {fileID: 0}
    - target: {fileID: -8679921383154817045, guid: 4f978f85f441acf4ca1c4accfb5686cc,
        type: 3}
      propertyPath: m_LocalPosition.y
      value: -2.3966804
      objectReference: {fileID: 0}
    - target: {fileID: -8679921383154817045, guid: 4f978f85f441acf4ca1c4accfb5686cc,
        type: 3}
      propertyPath: m_LocalPosition.z
      value: 0.500064
      objectReference: {fileID: 0}
    - target: {fileID: -8679921383154817045, guid: 4f978f85f441acf4ca1c4accfb5686cc,
        type: 3}
      propertyPath: m_LocalRotation.w
      value: -0.00037553688
      objectReference: {fileID: 0}
    - target: {fileID: -8679921383154817045, guid: 4f978f85f441acf4ca1c4accfb5686cc,
        type: 3}
      propertyPath: m_LocalRotation.x
      value: -0.0038519509
      objectReference: {fileID: 0}
    - target: {fileID: -8679921383154817045, guid: 4f978f85f441acf4ca1c4accfb5686cc,
        type: 3}
      propertyPath: m_LocalRotation.y
      value: 0.7069641
      objectReference: {fileID: 0}
    - target: {fileID: -8679921383154817045, guid: 4f978f85f441acf4ca1c4accfb5686cc,
        type: 3}
      propertyPath: m_LocalRotation.z
      value: 0.7072389
      objectReference: {fileID: 0}
    - target: {fileID: -8679921383154817045, guid: 4f978f85f441acf4ca1c4accfb5686cc,
        type: 3}
      propertyPath: m_LocalEulerAnglesHint.x
      value: -89.657
      objectReference: {fileID: 0}
    - target: {fileID: -8679921383154817045, guid: 4f978f85f441acf4ca1c4accfb5686cc,
        type: 3}
      propertyPath: m_LocalEulerAnglesHint.y
      value: -86.422
      objectReference: {fileID: 0}
    - target: {fileID: -8679921383154817045, guid: 4f978f85f441acf4ca1c4accfb5686cc,
        type: 3}
      propertyPath: m_LocalEulerAnglesHint.z
      value: -93.86
      objectReference: {fileID: 0}
    - target: {fileID: 919132149155446097, guid: 4f978f85f441acf4ca1c4accfb5686cc,
        type: 3}
      propertyPath: m_Name
      value: Table
      objectReference: {fileID: 0}
    m_RemovedComponents: []
  m_SourcePrefab: {fileID: 100100000, guid: 4f978f85f441acf4ca1c4accfb5686cc, type: 3}
--- !u!1 &1791673679
GameObject:
  m_ObjectHideFlags: 0
  m_CorrespondingSourceObject: {fileID: 0}
  m_PrefabInstance: {fileID: 0}
  m_PrefabAsset: {fileID: 0}
  serializedVersion: 6
  m_Component:
  - component: {fileID: 1791673680}
  m_Layer: 0
  m_Name: Hinge
  m_TagString: Untagged
  m_Icon: {fileID: 0}
  m_NavMeshLayer: 0
  m_StaticEditorFlags: 0
  m_IsActive: 1
--- !u!4 &1791673680
Transform:
  m_ObjectHideFlags: 0
  m_CorrespondingSourceObject: {fileID: 0}
  m_PrefabInstance: {fileID: 0}
  m_PrefabAsset: {fileID: 0}
  m_GameObject: {fileID: 1791673679}
  m_LocalRotation: {x: 0.0013584036, y: -0.019830348, z: -0.068330035, w: 0.9974647}
  m_LocalPosition: {x: 0.00000198, y: -0.00000256, z: -0.0000503}
  m_LocalScale: {x: 0.2576987, y: 0.25771424, z: 0.24706157}
  m_Children: []
  m_Father: {fileID: 1234524022}
  m_RootOrder: 0
  m_LocalEulerAnglesHint: {x: 0, y: 0, z: 0}
--- !u!1 &1909097309 stripped
GameObject:
  m_CorrespondingSourceObject: {fileID: 919132149155446097, guid: 4f978f85f441acf4ca1c4accfb5686cc,
    type: 3}
  m_PrefabInstance: {fileID: 1630696669}
  m_PrefabAsset: {fileID: 0}
--- !u!65 &1909097312
BoxCollider:
  m_ObjectHideFlags: 0
  m_CorrespondingSourceObject: {fileID: 0}
  m_PrefabInstance: {fileID: 0}
  m_PrefabAsset: {fileID: 0}
  m_GameObject: {fileID: 1909097309}
  m_Material: {fileID: 0}
  m_IsTrigger: 0
  m_Enabled: 1
  serializedVersion: 2
  m_Size: {x: 0.5913386, y: 0.25354335, z: 0.3626693}
  m_Center: {x: -0.29566932, y: 0.12781101, z: 0.18133461}
--- !u!1 &1954725605
GameObject:
  m_ObjectHideFlags: 0
  m_CorrespondingSourceObject: {fileID: 0}
  m_PrefabInstance: {fileID: 0}
  m_PrefabAsset: {fileID: 0}
  serializedVersion: 6
  m_Component:
  - component: {fileID: 1954725606}
  - component: {fileID: 1954725608}
  - component: {fileID: 1954725607}
  m_Layer: 0
  m_Name: Socket
  m_TagString: Untagged
  m_Icon: {fileID: 0}
  m_NavMeshLayer: 0
  m_StaticEditorFlags: 0
  m_IsActive: 1
--- !u!4 &1954725606
Transform:
  m_ObjectHideFlags: 0
  m_CorrespondingSourceObject: {fileID: 0}
  m_PrefabInstance: {fileID: 0}
  m_PrefabAsset: {fileID: 0}
  m_GameObject: {fileID: 1954725605}
  m_LocalRotation: {x: -0.00000005960463, y: -0.000000029802315, z: 0.006587817, w: 0.9999783}
  m_LocalPosition: {x: -0.000043800337, y: 0.0001354, z: 0.000013399997}
  m_LocalScale: {x: 0.2575145, y: 0.25751442, z: 0.25751442}
  m_Children: []
  m_Father: {fileID: 1234524027}
  m_RootOrder: 4
  m_LocalEulerAnglesHint: {x: 0, y: 0, z: 0.755}
--- !u!65 &1954725607
BoxCollider:
  m_ObjectHideFlags: 0
  m_CorrespondingSourceObject: {fileID: 0}
  m_PrefabInstance: {fileID: 0}
  m_PrefabAsset: {fileID: 0}
  m_GameObject: {fileID: 1954725605}
  m_Material: {fileID: 0}
  m_IsTrigger: 1
  m_Enabled: 1
  serializedVersion: 2
  m_Size: {x: 0.0001, y: 0.0001, z: 0.0001}
  m_Center: {x: 0, y: 0, z: 0}
--- !u!114 &1954725608
MonoBehaviour:
  m_ObjectHideFlags: 0
  m_CorrespondingSourceObject: {fileID: 0}
  m_PrefabInstance: {fileID: 0}
  m_PrefabAsset: {fileID: 0}
  m_GameObject: {fileID: 1954725605}
  m_Enabled: 1
  m_EditorHideFlags: 0
  m_Script: {fileID: 11500000, guid: 60523e0647cc6ab43acc73cb266a32a7, type: 3}
  m_Name: 
  m_EditorClassIdentifier: 
  m_InteractionManager: {fileID: 2019086509}
  m_InteractionLayerMask:
    serializedVersion: 2
    m_Bits: 4294967295
  m_InteractionLayers:
    m_Bits: 4294967295
  m_AttachTransform: {fileID: 1452417183}
  m_KeepSelectedTargetValid: 1
  m_StartingSelectedInteractable: {fileID: 0}
  m_HoverEntered:
    m_PersistentCalls:
      m_Calls: []
  m_HoverExited:
    m_PersistentCalls:
      m_Calls: []
  m_SelectEntered:
    m_PersistentCalls:
      m_Calls: []
  m_SelectExited:
    m_PersistentCalls:
      m_Calls: []
  m_OnHoverEntered:
    m_PersistentCalls:
      m_Calls: []
  m_OnHoverExited:
    m_PersistentCalls:
      m_Calls: []
  m_OnSelectEntered:
    m_PersistentCalls:
      m_Calls: []
  m_OnSelectExited:
    m_PersistentCalls:
      m_Calls: []
  m_ShowInteractableHoverMeshes: 1
  m_InteractableHoverMeshMaterial: {fileID: 0}
  m_InteractableCantHoverMeshMaterial: {fileID: 0}
  m_SocketActive: 1
  m_InteractableHoverScale: 1
  m_RecycleDelayTime: 1
--- !u!1 &2019086508
GameObject:
  m_ObjectHideFlags: 0
  m_CorrespondingSourceObject: {fileID: 0}
  m_PrefabInstance: {fileID: 0}
  m_PrefabAsset: {fileID: 0}
  serializedVersion: 6
  m_Component:
  - component: {fileID: 2019086510}
  - component: {fileID: 2019086509}
  m_Layer: 0
  m_Name: XR Interaction Manager
  m_TagString: Untagged
  m_Icon: {fileID: 0}
  m_NavMeshLayer: 0
  m_StaticEditorFlags: 0
  m_IsActive: 1
--- !u!114 &2019086509
MonoBehaviour:
  m_ObjectHideFlags: 0
  m_CorrespondingSourceObject: {fileID: 0}
  m_PrefabInstance: {fileID: 0}
  m_PrefabAsset: {fileID: 0}
  m_GameObject: {fileID: 2019086508}
  m_Enabled: 1
  m_EditorHideFlags: 0
  m_Script: {fileID: 11500000, guid: 83e4e6cca11330d4088d729ab4fc9d9f, type: 3}
  m_Name: 
  m_EditorClassIdentifier: 
--- !u!4 &2019086510
Transform:
  m_ObjectHideFlags: 0
  m_CorrespondingSourceObject: {fileID: 0}
  m_PrefabInstance: {fileID: 0}
  m_PrefabAsset: {fileID: 0}
  m_GameObject: {fileID: 2019086508}
  m_LocalRotation: {x: 0, y: 0, z: 0, w: 1}
  m_LocalPosition: {x: 0.09938744, y: -0.7081927, z: 2.545935}
  m_LocalScale: {x: 1, y: 1, z: 1}
  m_Children: []
  m_Father: {fileID: 0}
  m_RootOrder: 6
  m_LocalEulerAnglesHint: {x: 0, y: 0, z: 0}
--- !u!1 &2139025904
GameObject:
  m_ObjectHideFlags: 0
  m_CorrespondingSourceObject: {fileID: 0}
  m_PrefabInstance: {fileID: 0}
  m_PrefabAsset: {fileID: 0}
  serializedVersion: 6
  m_Component:
  - component: {fileID: 2139025905}
  m_Layer: 0
  m_Name: Camera Offset
  m_TagString: Untagged
  m_Icon: {fileID: 0}
  m_NavMeshLayer: 0
  m_StaticEditorFlags: 0
  m_IsActive: 1
--- !u!4 &2139025905
Transform:
  m_ObjectHideFlags: 0
  m_CorrespondingSourceObject: {fileID: 0}
  m_PrefabInstance: {fileID: 0}
  m_PrefabAsset: {fileID: 0}
  m_GameObject: {fileID: 2139025904}
  m_LocalRotation: {x: 0, y: 0, z: 0, w: 1}
  m_LocalPosition: {x: -0.16, y: 0.37, z: -1.05}
  m_LocalScale: {x: 1, y: 1, z: 1}
  m_Children:
  - {fileID: 1391999284}
  - {fileID: 1425167637}
  - {fileID: 1216012817}
  m_Father: {fileID: 1018039751}
  m_RootOrder: 0
  m_LocalEulerAnglesHint: {x: 0, y: 0, z: 0}
--- !u!23 &469698619703885280
MeshRenderer:
  m_ObjectHideFlags: 0
  m_CorrespondingSourceObject: {fileID: 0}
  m_PrefabInstance: {fileID: 0}
  m_PrefabAsset: {fileID: 0}
  m_GameObject: {fileID: 2538397643162831219}
  m_Enabled: 1
  m_CastShadows: 1
  m_ReceiveShadows: 1
  m_DynamicOccludee: 1
  m_MotionVectors: 1
  m_LightProbeUsage: 1
  m_ReflectionProbeUsage: 1
  m_RayTracingMode: 2
  m_RayTraceProcedural: 0
  m_RenderingLayerMask: 1
  m_RendererPriority: 0
  m_Materials:
  - {fileID: 2100000, guid: 9951228efed6c964e8fe53492138fac8, type: 2}
  m_StaticBatchInfo:
    firstSubMesh: 0
    subMeshCount: 0
  m_StaticBatchRoot: {fileID: 0}
  m_ProbeAnchor: {fileID: 0}
  m_LightProbeVolumeOverride: {fileID: 0}
  m_ScaleInLightmap: 1
  m_ReceiveGI: 1
  m_PreserveUVs: 0
  m_IgnoreNormalsForChartDetection: 0
  m_ImportantGI: 0
  m_StitchLightmapSeams: 1
  m_SelectedEditorRenderState: 3
  m_MinimumChartSize: 4
  m_AutoUVMaxDistance: 0.5
  m_AutoUVMaxAngle: 89
  m_LightmapParameters: {fileID: 0}
  m_SortingLayerID: 0
  m_SortingLayer: 0
  m_SortingOrder: 0
  m_AdditionalVertexStreams: {fileID: 0}
--- !u!1 &2538397643162831219
GameObject:
  m_ObjectHideFlags: 0
  m_CorrespondingSourceObject: {fileID: 0}
  m_PrefabInstance: {fileID: 0}
  m_PrefabAsset: {fileID: 0}
  serializedVersion: 6
  m_Component:
  - component: {fileID: 3053522007687434093}
  - component: {fileID: 7566856981471497504}
  - component: {fileID: 469698619703885280}
  m_Layer: 0
  m_Name: Monitor
  m_TagString: Untagged
  m_Icon: {fileID: 0}
  m_NavMeshLayer: 0
  m_StaticEditorFlags: 0
  m_IsActive: 1
--- !u!4 &3053522007687434093
Transform:
  m_ObjectHideFlags: 0
  m_CorrespondingSourceObject: {fileID: 0}
  m_PrefabInstance: {fileID: 0}
  m_PrefabAsset: {fileID: 0}
  m_GameObject: {fileID: 2538397643162831219}
  m_LocalRotation: {x: -0.0010205129, y: -0.9998619, z: -0.0000072121666, w: -0.016588176}
  m_LocalPosition: {x: 0.304, y: -0.348, z: 1.017}
  m_LocalScale: {x: 0.02293103, y: 0.01983745, z: 0.017765999}
  m_Children:
  - {fileID: 900002211}
  m_Father: {fileID: 704638823}
  m_RootOrder: 0
  m_LocalEulerAnglesHint: {x: 0.001, y: -181.901, z: 0.117}
--- !u!33 &7566856981471497504
MeshFilter:
  m_ObjectHideFlags: 0
  m_CorrespondingSourceObject: {fileID: 0}
  m_PrefabInstance: {fileID: 0}
  m_PrefabAsset: {fileID: 0}
  m_GameObject: {fileID: 2538397643162831219}
  m_Mesh: {fileID: -5072188773914483968, guid: 6d046c586faa7a442a2920931ec9bb8a, type: 3}
